3150 5056
688 275 878 337 ..9-

167 464 341 548 praedicat:
366 461 450 539 Quid
472 464 532 538 hoc
555 466 603 527 5εῖ
625 465 753 547 negoti?
782 465 842 527 hoc
865 469 912 528 est
933 469 1054 548 patrem
1078 465 1169 549 [esse]
1195 473 1250 530 aut
1272 468 1332 530 hoc
1354 474 1403 533 est

168 568 272 632 filium
294 568 386 631 esse?
410 567 562 651 (11107).
599 568 680 631 Tum
702 572 885 651 sequuntur
906 569 999 631 haec:
1036 568 1070 632 Si
1090 569 1186 632 frater
1207 576 1263 634 aut
1285 572 1402 636 sodalis

169 676 264 754 esset,
364 692 444 756 quae
469 672 560 734 nulla
583 673 644 734 alia
672 674 793 735 ratione
821 673 964 756 intellegi
992 678 1139 756 possunt,
1166 676 1230 737 nisi
1257 675 1331 738 hac:
1370 675 1405 739 Si

169 783 258 860 pater
299 795 390 840 meus
431 781 514 840 esset
554 775 651 840 frater
691 781 747 839 aut
787 776 904 840 sodalis
948 782 1038 859 esset,
1080 797 1145 841 non
1185 780 1285 862 magis
1326 780 1404 843 mihi

170 880 407 965 obsequeretur.
464 880 510 942 At
543 881 620 943 haec
653 882 809 944 sententia
837 902 943 965 prava,
976 901 1017 944 ne
1048 882 1150 945 dicam
1183 883 1320 947 absurda
1348 890 1404 948 est.

168 984 252 1048 Nam
285 987 312 1048 si
340 984 492 1068 fingimus
522 984 692 1048 Micionem
721 984 874 1047 Aeschini
908 985 1036 1049 fratrem
1071 992 1127 1050 aut
1157 987 1297 1050 sodalem
1327 1007 1404 1070 esse,

169 1109 235 1152 non
271 1095 404 1172 patrem,
441 1094 564 1151 certum
601 1093 649 1151 θεῖ
685 1107 760 1151 eum
795 1091 830 1151 in
867 1091 1067 1153 matrimonio
1105 1090 1285 1154 adiuvando
1323 1093 1404 1156 nihil

170 1192 292 1257 efficere
326 1194 477 1276 potuisse,
507 1212 580 1256 cum
612 1212 709 1276 penes
739 1198 860 1276 patrem
890 1195 994 1257 solum
1030 1196 1079 1275 sit,
1110 1200 1220 1258 utrum
1251 1195 1317 1259 filio
1345 1216 1404 1260 suo

169 1302 355 1380 potestatem
383 1316 518 1359 uxorem
541 1296 679 1360 ducendi
699 1297 792 1360 faciat
814 1316 922 1361 necne.
959 1297 1042 1361 Fieri
1069 1303 1175 1361 autem
1203 1319 1267 1362 non
1289 1305 1402 1382 potest,

169 1406 207 1464 ut
233 1401 307 1463 talia
333 1405 426 1483 poeta
452 1400 554 1464 dicere
576 1401 722 1481 voluerit,
751 1402 847 1463 immo
874 1402 981 1484 potius
1012 1402 1177 1465 Terentius
1205 1402 1403 1466 Aeschinum

169 1506 246 1568 haec
277 1505 433 1568 dicentem
465 1505 554 1569 facit:
594 1506 739 1587 aliquis
769 1505 865 1567 frater
894 1510 949 1568 aut
977 1504 1093 1568 sodalis
1120 1507 1155 1568 in
1183 1507 1290 1590 aliqua
1318 1507 1404 1589 (alia)

169 1627 204 1671 re
225 1628 291 1671 non
314 1609 414 1691 magis
437 1608 674 1692 obsequeretur.
708 1607 872 1672 Sententia
892 1611 991 1692 igitur
1012 1609 1205 1692 generalis
1228 1617 1283 1693 θεῖ,
1306 1615 1344 1673 ut
1365 1610 1405 1674 ad

170 1730 237 1776 rem
264 1716 462 1793 transactam,
490 1713 529 1775 ad
557 1713 795 1775 matrimonium
816 1712 977 1794 Aeschini,
1005 1732 1071 1775 non
1098 1713 1259 1776 referatur.
1311 1713 1405 1789 Quod

170 1816 198 1878 si
224 1815 308 1895 haec,
339 1835 420 1898 quae
449 1815 543 1879 modo
571 1815 739 1899 disputavi,
765 1821 849 1879 recte
872 1835 906 1879 εθ
932 1816 1058 1897 habent,
1087 1815 1272 1880 condicione
1299 1819 1405 1882 irreali

171 1938 252 2003 quae
286 1918 402 1981 dicitur
435 1919 560 1982 sublata
593 1919 797 2006 scribendum
829 1920 972 1983 videtur:
1018 1921 1046 1983 si
1077 1919 1173 1982 frater
1202 1927 1258 1983 aut
1288 1921 1405 1984 sodalis

170 2029 246 2104 θεῖ,
278 2023 364 2106 quod
393 2042 466 2105 pro:
507 2019 640 2107 ‘aliquis
670 2023 766 2086 frater
795 2029 850 2086 aut
884 2021 1016 2086 sodalis'
1044 2025 1185 2106 positum
1218 2030 1272 2088 θεῖ.
1324 2024 1405 2088 Item

169 2133 326 2191 nostrates
342 2127 470 2190 dicunt:
506 2147 601 2190 wenn
617 2147 651 2190 es
667 2129 718 2190 ein
733 2126 859 2190 Bruder
877 2127 952 2190 oder
966 2127 1096 2191 lbermd
1111 2130 1162 2209 ist,
1185 2148 1220 2191 so
1235 2129 1355 2192 konnte
1371 2148 1405 2192 er

170 2232 258 2294 nicht
273 2232 363 2294 mehr
377 2251 420 2294 zu
434 2230 555 2294 Willen
570 2233 646 2312 sein,
661 2251 735 2314 pro:
760 2232 812 2294 ein
827 2230 953 2295 Bruder.
974 2232 1050 2294 oder
1064 2231 1193 2295 Freund
1208 2233 1328 2296 konnte
1348 2238 1405 2296 etc.

170 2333 240 2398 Hac
262 2334 489 2416 emendatione,
506 2355 603 2418 quam
618 2355 725 2398 veram
748 2354 816 2398 esse
836 2336 914 2397 mihi
929 2337 1080 2419 persuasi,
1103 2337 1189 2418 prior
1204 2356 1316 2400 versus
1332 2357 1404 2419 pars

171 2459 245 2501 cum
259 2439 400 2522 legitima
416 2439 548 2502 diaeresi
569 2441 717 2502 restituta
739 2444 793 2501 est.
831 2437 893 2501 Sed
909 2458 983 2501 cum
1005 2459 1093 2502 nunc
1108 2459 1173 2501 una
1188 2439 1311 2520 syllaba
1333 2445 1405 2502 ante

168 2538 258 2626 ‘qui'
288 2542 498 2624 desideretur,
529 2545 649 2606 conicio
680 2564 698 2605 a
724 2547 818 2625 po'e'ta
842 2539 984 2623 ‘ecqui'
1014 2545 1167 2627 scriptum
1197 2562 1273 2606 esse.
1323 2542 1406 2606 Nam

172 2652 284 2709 notum
309 2652 357 2710 θεῖ
378 2648 412 2709 in
428 2647 599 2728 codicibus,
615 2648 708 2710 etiam
728 2648 761 2708 in
776 2646 940 2729 Bembino,
964 2666 1087 2730 semper
1108 2647 1172 2710 fere
1191 2667 1248 2730 pro
1267 2643 1404 2730 ‘ecquis

171 2750 295 2833 ecquid,
320 2750 452 2833 ecquod,
467 2746 582 2834 ecqua>
604 2755 660 2813 cet.
675 2750 754 2813 falso
773 2746 821 2813 ‘et
844 2751 925 2833 quis,
945 2756 975 2813 et
998 2748 1090 2833 quid'
1105 2755 1161 2813 cet.
1185 2751 1280 2813 scribi
1303 2751 1405 2814 solere

171 2853 221 2935 (cf.
253 2852 336 2916 Eun.
371 2854 441 2935 519,
476 2855 547 2935 521,
578 2855 649 2935 522,
680 2855 750 2934 523,
780 2854 850 2936 530,
880 2854 979 2916 Andr.
1010 2855 1059 2935 25,
1089 2854 1215 2917 Phorm.
1249 2855 1335 2936 474),
1368 2859 1405 2917 ut

170 2957 374 3039 intellegatur
404 2977 445 3020 ex
471 2953 685 3041 ‘estetqui’
713 2957 798 3020 facili
826 2959 1002 3020 mutatione
1034 2957 1116 3020 illud
1146 2978 1281 3041 pravum
1306 2954 1405 3021 ‘esset

172 3057 243 3143 qui'
263 3061 351 3123 nasci
376 3062 526 3142 potuisse.
571 3059 781 3124 Scribendum
803 3066 851 3124 θεῖ
872 3062 986 3144 igitur:

216 3162 250 3227 Si
273 3164 370 3227 frater
392 3169 447 3227 aut
469 3164 586 3227 sodalis
609 3167 680 3244 est,
704 3162 815 3245 ecqui
836 3166 936 3247 magis
958 3185 1078 3227 morem
1100 3164 1244 3248 gereret?

274 3266 318 3330 Of.
347 3267 450 3332 Plaut.
478 3267 589 3330 Aulul.
621 3268 660 3329 16
690 3267 785 3352 Coepi
815 3268 990 3350 observare,
1019 3274 1112 3352 ecqui
1139 3270 1289 3331 maiorem
1316 3267 1403 3331 filius

170 3371 250 3435 Mihi
272 3373 425 3435 honorem
447 3371 582 3435 haberet.
624 3367 758 3455 ‘Ecqui'
780 3377 827 3435 θεῖ
853 3373 882 3435 h.
905 3373 924 3434 l.
948 3392 1022 3434 vera
1045 3371 1196 3435 Gulielmi
1218 3371 1403 3452 emendatio,

171 3497 268 3560 quam
296 3477 407 3539 merito
432 3475 466 3538 G.
490 3475 641 3539 Goetaius
668 3477 791 3559 recepit.
836 3475 1021 3539 Notandimr
1051 3481 1098 3538 est
1124 3477 1218 3538 etiam
1246 3476 1306 3538 hoc
1334 3476 1402 3538 loco

167 3577 214 3642 ‘ct
237 3577 308 3663 qui'
328 3581 363 3641 in
385 3580 531 3663 plurimis
555 3579 717 3643 codicibus
741 3579 777 3660 (B
801 3579 829 3642 D
852 3578 890 3661 E)
915 3585 945 3643 ct
966 3581 1001 3641 in
1029 3579 1119 3642 libris
1141 3578 1296 3642 Nonianis
1324 3578 1403 3642 falso

170 3684 324 3766 scriptum
345 3684 490 3746 inveniri.

212 3873 365 3937 Phorm.
389 3873 450 3934 827
475 3891 520 3955 sq.
715 3870 777 3935 sed
800 3872 953 3935 ubinam
976 3872 1087 3936 Getam
1108 3873 1403 3954 invenirepdssim,

171 3992 217 4056 Ut
248 4013 365 4076 rogem,
404 3993 490 4077 quod
526 3998 651 4076 tempus
684 3993 901 4056 conveniundi
930 3995 1028 4077 patris
1061 4013 1111 4057 me
1144 4012 1254 4076 capere
1287 3991 1402 4055 iubeat.

274 4095 391 4159 Omnes
425 4099 615 4161 recentiores
655 4097 790 4160 editores
834 4104 958 4180 practer
990 4097 1279 4180 Umpfenbachium
1318 4097 1405 4161 himo

171 4220 301 4264 versum
327 4207 455 4292 auctore
481 4200 684 4266 Fleckeiseno
711 4207 795 4265 recte
822 4204 914 4265 uncis
945 4202 1159 4282 incluserunt,
1182 4208 1251 4264 tum
1278 4208 1406 4286 propter

170 4324 321 4368 numeros
349 4306 494 4386 vitiosos,
527 4311 596 4368 tum
627 4316 755 4389 propter
781 4307 976 4369 sententiam.
1025 4305 1107 4368 Nam
1133 4308 1168 4368 in
1196 4306 1406 4390 sequentibus

171 4409 295 4473 fabulae
319 4411 440 4472 scaenis
456 4410 598 4493 Antipho
616 4409 726 4473 Getam
742 4412 871 4473 omnino
886 4429 952 4472 non
969 4415 1066 4492 rogat,
1083 4409 1210 4492 quando
1228 4415 1405 4493 opportune

171 4519 291 4599 patrem
328 4515 499 4579 convenire
541 4516 648 4598 possit.
715 4514 753 4577 V.
787 4512 981 4578 Hoelzerum
1026 4511 1065 4575 de
1108 4513 1406 4599 interpolationibus
