3150 5056
678 293 889 356 ..24-

271 487 342 550 Hoc
371 487 440 549 loco
472 483 659 548 adverbium
685 479 761 546 ‘ibi’
788 484 945 546 insertum
975 483 1131 565 reperitur
1161 483 1195 545 in
1226 479 1404 544 omnibus

170 590 332 655 codicibus
354 589 510 652 Bembinc
532 607 599 650 non
622 591 762 669 excepto,
784 591 821 648 ut
843 585 950 668 colligi
970 586 1070 669 possit
1098 586 1212 648 etiam
1241 586 1404 668 antiquo

170 700 205 760 et
234 695 378 778 optimo
406 692 469 754 illi
496 691 596 753 libro
624 689 725 753 nihil
755 691 904 752 omnino
936 690 1182 752 auctoritatis
1210 689 1405 752 inhaere

124 871 126 876 ,
170 796 420 863 tribuendum
442 813 532 858 esse.
567 793 650 857 Nam
669 793 730 855 hoc
749 794 819 856 loco
839 792 959 855 hbrarii
980 792 1168 876 particulam
1185 788 1260 855 ‘ibi'
1278 811 1405 875 praece-

170 903 258 965 denti
277 896 468 962 ‘ubi-videt'
492 900 527 961 in
550 897 680 981 apodosi
701 896 890 980 respondere
913 898 1094 976 voluerunt,
1119 895 1204 979 quod
1231 915 1404 959 aconsue-

170 1005 282 1069 tudine
309 1004 438 1087 linguae
465 1002 581 1065 latinae
611 1001 778 1064 abhorrere
804 1020 862 1084 pro
891 1005 975 1063 certo
998 999 1180 1062 habendum
1209 1004 1263 1062 θεῖ.
1307 999 1406 1063 Recte

170 1110 270 1193 igitur
305 1105 529 1169 Fleckeisenus
571 1110 602 1168 et
637 1103 909 1187 Umpienbachius
943 1099 1027 1165 ‘ibi’
1063 1103 1155 1166 uncis
1194 1104 1405 1166 incluserunt.

169 1211 252 1276 Nam
274 1215 418 1294 apertum
445 1214 492 1272 θεῖ
513 1209 733 1293 grammaticos
756 1208 838 1270 hanc
859 1208 1007 1270 voculam
1029 1207 1199 1289 infersisse,
1221 1211 1259 1271 ut
1281 1207 1405 1270 hiatum

171 1320 379 1379 removerent.

273 1490 383 1573 Atque
411 1490 505 1552 etiam
533 1487 614 1551 illud
645 1488 695 1551 his
724 1486 898 1550 editoribus
927 1488 1089 1569 assentior,
1121 1487 1206 1570 quod
1230 1482 1328 1550 ‘eius'
1356 1488 1406 1549 in·

171 1595 395 1765 Clulsieddnttidd
426 1694 529 1759 Multa
559 1698 600 1759 cx
630 1714 694 1779 quo
725 1694 845 1758 fuerint
875 1694 1046 1777 commoda,
1082 1693 1174 1779 [eius]
1207 1693 1408 1757 incommoda

1127 1803 1294 1882 aequomst
1315 1798 1405 1862 ferre.

212 1993 304 2058 Hec.
328 1991 390 2053 825
422 1988 505 2065 Quid
528 1986 740 2052 exanimatu's
763 1987 913 2050 obsecro?
945 1994 1010 2051 aut
1036 1987 1123 2050 unde
1145 1988 1280 2051 anulum
1306 1988 1406 2050 istum

1256 2090 1405 2154 nactu's?

273 2197 342 2259 Iam
368 2195 640 2279 Umpfenbachius
668 2195 738 2258 iure
761 2190 847 2258 ‘aut'
876 2195 994 2276 omisit,
1024 2193 1110 2277 quod
1138 2194 1243 2257 hiatus
1272 2194 1405 2258 tollendi

170 2321 266 2364 causa
286 2321 304 2363 a
323 2299 552 2363 correctoribus
574 2298 771 2361 inculcatum
790 2317 858 2362 esse
880 2302 966 2382 patet
988 2303 1019 2361 et
1042 2296 1128 2382 quod
1152 2297 1230 2380 quid
1253 2298 1313 2361 sibi
1328 2298 1406 2362 velit
1431 2348 1435 2355 ,

169 2405 312 2488 intellegi
340 2423 406 2466 non
426 2407 537 2487 potest.
573 2401 763 2483 Asyndeton
785 2401 871 2485 quod
893 2402 1010 2465 dicitur
1029 2401 1179 2464 Bacchidi
1206 2421 1280 2464 cum
1308 2403 1406 2465 animi

173 2510 382 2572 commotione
406 2506 608 2591 Pamphilum
629 2507 837 2589 interroganti
859 2507 997 2569 maxime
1019 2506 1212 2568 conveniens
1236 2511 1290 2569 est.

212 2697 302 2760 Hec.
333 2695 394 2757 339
427 2692 524 2757 Nunc
561 2693 600 2757 ed
635 2713 704 2757 eam
740 2695 849 2757 risam.
901 2693 996 2757 PAR.
1029 2693 1134 2775 Heus,
1164 2692 1311 2757 Sostrata.
1344 2693 1404 2758 SO.

698 2797 802 2862 Hem.
830 2797 924 2862 PAR.
952 2798 1074 2862 lterum
1099 2800 1195 2861 istinc
1224 2797 1405 2862 excludere.

272 2900 384 2965 Deleta
405 2902 623 2965 interiectione
646 2900 747 2964 scribe
770 2920 844 2964 cum
865 2902 968 2965 hiatu:
997 2901 1098 2984 Heus,
1121 2900 1268 2984 Sostrata
1287 2903 1404 2965 iterum

169 3006 265 3068 istinc
288 3005 466 3069 excludere.

215 3189 305 3253 Hec.
335 3187 394 3249 251
427 3187 503 3251 Adii
532 3194 563 3252 te
592 3189 660 3252 heri
690 3188 728 3252 de
757 3189 839 3252 iilia:
878 3195 920 3252 ut
951 3191 1051 3270 veni,
1085 3189 1218 3252 itidem
1246 3190 1404 3254 incertum

1290 3295 1402 3358 amisti.

272 3394 322 3457 Ita
353 3414 461 3458 omnes
492 3394 627 3458 editores
656 3394 731 3458 inde
764 3395 802 3458 ab
832 3395 978 3459 Bentleic
1007 3399 1221 3480 septenarium
1251 3397 1403 3461 scribunt.

170 3499 210 3562 in
240 3498 388 3561 omnibus
418 3504 524 3561 autem
555 3498 717 3562 codicibus
749 3504 809 3562 est:
848 3501 989 3580 amisisti,
1019 3507 1151 3584 excepto
1181 3501 1217 3584 G,
1244 3502 1301 3585 qui
1329 3522 1404 3565 cum

170 3599 295 3664 Donato
323 3606 354 3664 θῖ
376 3600 558 3685 Eugraphio
579 3599 713 3665 ‘amisti'
734 3603 869 3686 praebet.
912 3602 1026 3687 Neque
1048 3624 1124 3667 vere
1144 3602 1223 3669 ‘me'
1245 3605 1404 3668 obiectum

170 3704 279 3768 abesse
310 3704 410 3786 debet,
441 3705 527 3788 quod
555 3706 590 3767 in
621 3704 649 3768 G
678 3712 708 3769 et
734 3707 769 3769 in
796 3704 825 3769 Ι)
848 3711 920 3790 post
946 3703 1133 3771 ‘incertum'
1158 3709 1320 3793 proditum
1348 3716 1403 3773 θεῖ.

171 3806 263 3883 Quod
294 3809 321 3871 si
347 3804 435 3890 ‘me'‚
467 3808 552 3892 quod
583 3809 786 3891 desideratur,
817 3816 848 3874 et
875 3806 1044 3894 ‘arrisisti'‚
1075 3812 1161 3896 quod
1190 3815 1224 3875 in
1254 3813 1402 3876 omnibus

170 3910 235 3974 fere
278 3910 440 3975 codicibus
483 3916 542 3994 est,
578 3915 768 3997 recepimus
809 3915 870 3978 hcc
910 3916 1071 3999 integrum
1115 3917 1249 3980 alterum
1297 3920 1398 3980 κῶλον

171 4016 340 4098 septenarii
367 4016 522 4078 nascitur:
557 4017 715 4079 incertum
742 4037 792 4080 me
815 4019 955 4082 amisisti.
999 4018 1070 4082 Mea
1094 4018 1223 4103 quidem
1246 4021 1403 4083 sententia

169 4116 279 4180 verba:
300 4115 354 4181 ‘ut
368 4119 443 4182 veni
457 4116 580 4182 itidem'
599 4140 618 4181 a
632 4123 834 4204 grammatico
850 4122 966 4205 alique,
988 4142 1083 4205 quem
1097 4124 1203 4187 hiatus
1223 4123 1402 4206 offenderat

170 4220 314 4284 additum
341 4242 410 4286 esse
437 4222 685 4286 existimandum
714 4230 768 4288 θεῖ.
819 4223 965 4288 Ceterum
989 4221 1177 4289 ‘incertum'
1203 4229 1238 4290 in
1263 4228 1402 4309 relativa

168 4343 235 4386 non
253 4326 288 4386 in
305 4325 552 4388 demonstrativa
567 4328 784 4389 enuntiatione
800 4329 940 4411 positum
956 4347 1024 4391 csse
1041 4329 1187 4393 debebat:
1211 4336 1249 4393 ut
1262 4332 1402 4394 incertus

169 4428 251 4508 veni,
279 4427 389 4491 itidem
417 4448 468 4491 me
495 4430 635 4493 amisisti.
683 4426 870 4512 Legendum
896 4436 943 4494 θεῖ
968 4432 1067 4515 igitur
1093 4453 1167 4498 cum
1192 4435 1295 4498 hiatu:

216 4530 293 4597 Adii
315 4535 345 4597 te
366 4531 434 4597 heri
458 4531 496 4600 de
517 4532 601 4599 filia:
632 4533 790 4601 incertum
812 4552 863 4597 me
885 4535 1026 4601 amisisti.
