3150 5056
679 317 890 387 „30⁴

774 598 799 660 1.

274 717 405 781 Minime
434 719 598 782 elisionem
628 725 697 782 tum
727 719 944 802 perferendam
974 698 1055 802 esse,
1084 740 1157 783 cum
1186 721 1401 804 interpunctio

171 823 204 884 in
227 825 435 885 commissura
451 822 585 886 duorum
610 823 825 886 membrorum
854 829 902 886 001
923 830 995 907 post
1016 842 1125 886 vocem
1149 823 1403 905 monosyllabum

170 925 355 1007 elidendam,
383 946 447 989 non
477 932 525 989 est
554 928 640 1011 quod
668 927 777 990 dicam.

270 1028 486 1094 Nihilominus
508 1031 540 1093 hi
564 1033 733 1115 septenarii
753 1033 976 1095 inveniuntur:

211 1133 379 1199 Hecate
405 1132 486 1208 Quid
502 1134 562 1197 11111
577 1135 726 1198 tumulti?
748 1135 798 1198 dic
814 1136 920 1197 mihi:
944 1155 989 1198 an
1008 1134 1096 1198 dolor
1116 1140 1242 1219 repente
1263 1137 1400 1199 invasit?

271 1235 304 1298 Si
334 1231 405 1299 ‘an'
436 1238 589 1320 particula
621 1238 681 1301 hoe
711 1239 778 1303 loco
812 1244 895 1302 recte
932 1239 1068 1322 positum
1101 1244 1196 1320 esset,
1229 1239 1399 1302 disiunctio

169 1358 249 1423 quae
279 1340 394 1402 dicitur
427 1341 459 1402 in
488 1341 546 1404 hac
573 1342 815 1425 interrogatione
843 1343 945 1405 inesse
968 1341 1101 1405 deberet.
1145 1341 1262 1406 Sensus
1293 1348 1399 1407 autem

169 1449 230 1506 est:
263 1441 347 1519 Quid
374 1443 435 1506 fuit
465 1444 614 1507 tumulti?
643 1446 798 1508 tumultus
825 1445 954 1508 fortasse
983 1464 1023 1507 011
1050 1464 1086 1508 00
1115 1450 1201 1509 01100
1229 1451 1284 1528 est,
1314 1446 1400 1529 quod

169 1547 257 1610 dolor
284 1552 410 1630 repente
436 1548 573 1611 invasit?
617 1548 700 1633 Ergo
727 1549 839 1612 falsum
869 1549 948 1611 illud
967 1544 1037 1610 ‘an'
1064 1549 1235 1612 tollendum
1264 1549 1400 1614 videtur.

212 1737 306 1801 Eun.
331 1736 411 1797 1017
435 1735 516 1799 Hem
541 1737 617 1820 qiud
641 1736 757 1818 dixisti,
778 1737 981 1819 pessuma?
1005 1757 1052 1798 an
1073 1741 1205 1800 mentita
1225 1739 1281 1801 es?
1305 1739 1398 1802 etiam

1291 1842 1399 1905 rides?

272 1942 455 2007 Notandum
482 1943 577 2007 00111
600 1944 737 2007 codicem
762 1940 820 2007 ‘oh
842 1945 973 2008 mentita
994 1941 1055 2008 001>
1080 1944 1235 2027 praebere.
1280 1945 1317 2008 In
1340 1946 1399 2009 hoc

170 2066 297 2130 quoque
318 2066 411 2110 versu
428 2048 627 2129 interrogatio
647 2044 698 2109 tan
714 2048 843 2110 mentita
864 2045 937 2110 es?'
959 2047 1154 2131 praecedenti
1173 2044 1262 2131 tquid
1278 2046 1399 2111 dixisti'

169 2169 234 2212 non
256 2155 303 2213 001
325 2151 471 2233 opposita.
513 2146 593 2212 ‘An'
614 2155 697 2213 recte
722 2168 756 2213 se
778 2149 913 2231 haberet,
936 2151 962 2213 si
984 2149 1138 2212 Parmeno
1161 2151 1397 2233 interrogasset:

168 2272 298 2316 verum
329 2253 459 2316 dixisti?
488 2254 521 2316 id
549 2254 634 2336 quod
662 2254 721 2316 hoc
750 2254 818 2317 loco
846 2254 984 2337 intellegi
1011 2273 1076 2316 non
1101 2258 1210 2337 potest.

211 2444 304 2507 Eun
329 2441 390 2504 286
420 2441 523 2505 Etiam
545 2463 632 2506 nune
652 2443 704 2506 hic
726 2447 803 2524 stas,
831 2441 1042 2505 Parmeno?
1070 2442 1138 2505 eho
1166 2463 1317 2506 numnam
1348 2445 1400 2508 hic

1114 2547 1242 2610 relictus
1270 2548 1399 2611 custos?

272 2649 310 2712 In
331 2647 361 2713 D
383 2654 430 2713 est
452 2650 519 2731 eoh,
541 2651 575 2712 in
598 2648 626 2713 G
649 2650 696 2712 oh.
734 2648 845 2712 Merito
868 2649 899 2713 T.
918 2648 1018 2712 Faber
1036 2644 1121 2712 ‘eho'
1143 2650 1278 2732 sustulit,
1303 2669 1397 2733 quem

168 2753 357 2816 recentiores
387 2753 521 2816 editores
547 2755 645 2817 secuti
673 2759 755 2854 sunt.

210 2941 304 3006 Eun.
329 2941 411 3002 1012
444 2938 551 3014 Quid?
578 2941 691 3004 ilicone
718 2940 875 3004 credere
904 2959 947 3003 ea
976 2959 1056 3024 quae
1084 2940 1150 3004 dixi
1179 2946 1315 3025 oportuit
1345 2943 1399 3006 te?

273 3043 320 3107 lta
342 3043 505 3107 Bentleius
527 3064 599 3106 cum
622 3044 769 3108 omnibus
794 3044 883 3108 libris
910 3045 1041 3128 scripsit.
1085 3047 1239 3129 Apertum
1262 3051 1399 3110 001001-

171 3144 388 3211 rectores‘ea’
409 3147 546 3228 syllabae
569 3149 711 3232 ancipitis
727 3148 871 3211 vitandae
893 3168 986 3211 causa
1004 3148 1168 3212 infersisse.
1206 3149 1279 3213 lure
1303 3151 1400 3234 igitur

171 3249 389 3314 Fleckeisenus
416 3255 447 3313 et
475 3249 742 3334 Umpfenbachius
767 3247 834 3315 ‘ea'
862 3252 953 3315 uncis
982 3251 1187 3315 incluserunt.

273 3437 443 3502 Nonnullis
472 3439 549 3502 10010
578 3439 831 3520 monosyllabum
858 3435 925 3504 ‘ut'
952 3441 984 3502 in
1012 3458 1141 3503 caesura
1169 3440 1345 3505 invenitur:

213 3543 304 3608 Hec.
335 3542 397 3604 272
429 3541 597 3606 Certumne
624 3548 670 3607 est
696 3544 801 3606 istuc?
833 3542 845 3628 11
874 3542 969 3607 Nunc
996 3542 1165 3626 quidem,
1193 3549 1234 3607 ut
1260 3545 1398 3609 videtur:

1056 3646 1112 3710 sed
1140 3648 1297 3731 numquid
1327 3649 1400 3714 vis?

274 3751 427 3833 Apertum
450 3754 499 3813 est
524 3750 583 3813 hoc
604 3750 672 3813 1000
693 3746 758 3813 ‘ut'
779 3751 895 3813 rectius
917 3750 1031 3813 deesse.
1076 3749 1216 3815 Scribas:

215 3852 382 3917 Certumne
404 3857 450 3916 est
478 3853 582 3916 istuc?
626 3852 656 3917 N
659 3858 721 3917 unc
748 3855 874 3937 quidem
902 3854 1041 3917 videtur:
1065 3853 1120 3917 sed
1142 3856 1300 3939 numquid
1326 3857 1400 3921 vis?

213 4043 307 4108 Eure
331 4042 413 4105 1005
442 4041 507 4106 PA.
532 4040 615 4116 Quid
637 4042 696 4105 hoc
718 4041 875 4104 autemst?
918 4039 985 4104 PY.
1015 4040 1109 4106 Nrmc
1135 4042 1169 4105 id
1197 4043 1339 4126 prodeo
1363 4048 1402 4107 ut

949 4145 1134 4207 conveniam
1163 4146 1399 4210 Parmenunem.

274 4251 418 4314 Primum
441 4251 519 4314 illud
542 4247 683 4312 mirabile
705 4251 759 4328 est,
782 4246 866 4330 quod
889 4247 947 4309 hoc
969 4247 1036 4310 loco
1055 4243 1119 4310 ‘id'
1141 4250 1284 4333 sequenti
1306 4250 1401 4332 parti·

172 4354 261 4417 culae
280 4350 347 4417 ‘ut'
373 4354 548 4438 respondet,
573 4352 605 4416 id
628 4351 712 4436 quod
739 4370 896 4433 nusquam
925 4349 1007 4433 apud
1030 4349 1208 4415 Terentium
1231 4353 1398 4415 invenitur.

172 4455 292 4521 Deinde
315 4457 390 4540 quid
414 4456 618 4520 Parmenonis
648 4453 863 4536 interrogatio:
892 4447 988 4528 ‘Quid
1018 4452 1077 4516 hoc
1105 4453 1312 4519 autemst?'
1341 4454 1401 4519 sibi

174 4561 265 4624 vult?
311 4558 379 4636 Qua
401 4560 439 4623 de
467 4579 501 4623 re
522 4580 632 4624 servus
650 4554 782 4622 ‘autem'
804 4555 924 4637 adiecit,
951 4574 1023 4617 cum
1046 4555 1177 4638 Pythias
1205 4563 1296 4621 antea
1322 4559 1401 4622 nihil
