3150 5056
702 236 913 298 ..12-

231 423 317 490 ‘Etsi
339 426 400 490 hdo
420 425 600 489 meretrices
626 425 693 489 non
714 425 829 490 volunt
855 425 948 489 aliae:
986 427 1200 509 nequeenim
1226 427 1261 490 in
1288 446 1356 491 rem
1378 432 1426 493 est

1260 529 1424 614 nostram,

193 642 297 700 tamen
320 633 431 698 dubito
459 637 584 697 rectene
613 635 658 698 ita
685 635 835 718 posuerit,
863 654 937 698 cum
956 629 1039 697 ‘non
1054 632 1183 699 rolunt'
1203 654 1260 719 pro
1280 631 1427 700 ‘nolunt’

191 759 353 823 nusquam
384 737 574 800 inveniatur.
628 736 787 821 Equidem
819 742 898 822 puto
931 738 1018 801 hunc
1048 757 1178 802 versum
1206 738 1297 802 nullo
1331 739 1424 804 modo

191 843 382 906 coniecturis
405 841 510 904 sanari
530 860 632 924 posse,
657 840 742 924 quod
764 860 831 904 nou
854 842 958 904 solnm
980 841 1067 905 hunc
1094 841 1265 905 sedetiam
1288 861 1424 925 sequeu-

192 951 254 1010 tem
280 964 410 1008 versum
436 945 662 1027 interpolatum
690 963 758 1008 esse
785 945 863 1008 mihi
892 963 1081 1028 persuasum
1110 950 1165 1008 est.
1209 945 1259 1009 Ac
1286 947 1425 1029 primum

191 1051 248 1114 hos
281 1070 394 1114 versus
425 1068 467 1113 ex
493 1051 679 1134 repetitione
713 1051 901 1131 sententiae,
933 1068 1014 1133 quae
1042 1050 1126 1114 inest
1154 1051 1189 1112 in
1215 1049 1344 1112 11115
1378 1071 1424 1134 sq.

189 1151 292 1238 ‘quod
320 1155 347 1217 si
368 1153 505 1238 perficio,
533 1172 599 1217 nou
626 1155 764 1236 paenitet
792 1172 843 1216 me
870 1153 985 1235 famae,
1008 1150 1114 1216 Solam
1139 1153 1250 1217 iecisse
1277 1153 1311 1216 id
1338 1154 1425 1238 quod

192 1258 270 1322 aliae
299 1259 478 1321 meretrices
505 1257 607 1320 111111
635 1253 794 1340 fugitant’,
818 1260 902 1320 ortos
933 1275 1001 1320 esse
1031 1258 1185 1321 existimo.
1228 1255 1361 1340 Deinde,
1387 1264 1425 1322 111

191 1362 230 1426 ad
253 1361 381 1446 singule
409 1367 613 1442 transeamus,
641 1359 680 1423 ad
704 1380 799 1443 quarn
821 1379 888 1423 rem
909 1356 998 1424 ‘hoc'
1020 1361 1221 1425 referendum
1244 1362 1312 1425 est?
1346 1361 1424 1446 quid

136 1472 138 1479 '
187 1463 281 1530 ‘hoc’
303 1472 358 1547 est,
387 1465 472 1549 quod
500 1465 577 1528 aliae
601 1465 780 1538 meretrices
807 1465 943 1529 nolunt?
982 1485 1022 1527 an
1049 1465 1109 1528 hoc
1136 1469 1230 1549 putas
1257 1485 1308 1529 111
1337 1467 1424 1531 nolle

190 1569 381 1634 Bacchidem
412 1570 530 1649 laetari,
562 1567 648 1652 quod
678 1567 842 1651 Pamphilo
874 1573 920 1632 tot
952 1568 1069 1652 gaudia
1101 1573 1229 1653 propter
1261 1589 1295 1632 se
1324 1572 1424 1634 conti·

191 1674 318 1758 gerintP
351 1673 397 1737 At
418 1672 451 1736 id
475 1671 604 1755 quidem
625 1691 811 1755 perversum
833 1676 888 1736 est.
932 1673 1012 1736 Tum
1036 1672 1113 1756 quid
1136 1673 1197 1735 sibi
1218 1675 1332 1738 volunt
1353 1674 1422 1739 illa:

188 1775 241 1843 ‘ut
269 1780 440 1862 quisquam
470 1781 590 1840 amator
621 1777 743 1859 nuptiis
777 1773 948 1840 laetetur'?
995 1775 1082 1839 Num
1112 1776 1298 1861 Pamphilus
1330 1781 1424 1842 etiam

190 1887 259 1945 tum
289 1882 408 1945 amator
433 1878 600 1944 Bacchidis
628 1879 716 1942 erat?
754 1884 809 1942 1111
839 1879 878 1942 de
905 1879 1062 1963 Pamphili
1089 1882 1219 1965 nuptiis,
1251 1901 1331 1965 quae
1360 1884 1423 1946 iam

189 1986 312 2070 pridem
352 1985 450 2047 111111
484 1988 587 2065 erant,
623 1988 692 2046 tum
732 1982 906 2067 agebatur?
960 1982 1089 2047 Certum
1129 1989 1176 2047 est
1213 1985 1290 2048 haec
1326 1986 1423 2050 verba

191 2089 272 2152 nihil
294 2087 381 2152 aliud
404 2087 581 2171 significare
603 2088 682 2150 nisi:
717 2091 853 2150 nonest
880 2087 973 2151 nohis
1002 2087 1081 2151 utile
1110 2094 1263 2153 curatores
1286 2109 1422 2154 uxorem

190 2193 313 2257 ducere.
356 2192 489 2256 Bacchis
516 2197 622 2255 autem
649 2192 719 2274 ipsa
748 2195 839 2254 antea
862 2191 943 2255 dixit
971 2211 1004 2254 se
1031 2192 1149 2274 laetari,
1173 2192 1259 2276 qnod
1286 2213 1422 2258 uxorem

191 2298 219 2360 ei
245 2295 442 2360 reddidisset.
488 2292 576 2370 Quae
604 2314 678 2358 oum
703 2295 749 2358 ita
776 2295 848 2376 sint,
877 2315 951 2358 oum
976 2294 1109 2360 Bacchis
1138 2316 1204 2359 non
1232 2296 1270 2360 de
1301 2300 1422 2382 nuptiis

190 2400 333 2485 gaudeat,
357 2399 412 2463 sed
435 2399 598 2463 1111111111
624 2397 754 2479 reddita,
777 2401 934 2463 sententia
956 2419 1104 2483 perversa
1131 2405 1178 2464 est
1201 2402 1311 2484 eisque
1341 2423 1422 2486 qnae

188 2503 382 2588 praecedunt
409 2507 573 2586 repugnat.
623 2500 771 2586 Denique
795 2499 923 2566 ‘verum
950 2501 1085 2568 ecastor'
1112 2504 1151 2567 ad
1178 2505 1301 2568 11111111
1329 2506 1422 2571 aliam

189 2627 256 2672 rem
282 2609 346 2671 nisi
368 2607 406 2671 ad
435 2607 631 2691 explendum
659 2607 872 2689 septenarium
900 2611 1027 2671 etcum
1054 2608 1262 2691 sequentibus
1289 2611 1422 2675 coniun-

190 2711 331 2796 gendam
352 2713 483 2776 inventa
504 2711 655 2774 videntur
677 2729 753 2774 esse.

292 2813 599 2879 Luculentissimum
646 2832 721 2877 vero
773 2815 902 2897 signum
947 2816 1198 2899 interpolationis
1249 2819 1423 2901 particulae

186 2915 307 3003 ‘neque
331 2916 429 2982 enim'
456 2923 551 3000 sunt·
570 2937 650 3002 quae
678 2918 738 2980 hoo
766 2918 836 2980 loco
858 2919 939 2981 nihil
966 2919 1052 2982 aliud
1074 2921 1182 2984 valent
1210 2923 1289 2985 nisi:
1325 2918 1422 2985 ‘deun

189 3019 296 3086 nioht'
339 3021 525 3105 Numquam
552 3025 658 3084 1111111
680 3039 739 3083 nec
762 3021 846 3104 apud
869 3021 1021 3085 Plautum
1047 3043 1106 3087 neo
1132 3025 1216 3108 apud
1238 3026 1422 3090 Terentium

186 3122 304 3189 ‘enim'
330 3126 424 3189 hahet
449 3126 516 3188 vim
543 3125 778 3209 explicaturum,
815 3125 870 3188 sed
904 3145 1028 3210 semper
1060 3128 1348 3211 affirmativam,
1384 3130 1422 3192 do

192 3250 256 3313 qua
277 3249 311 3293 11
333 3227 504 3313 Langenns
522 3224 681 3312 (Beitritge
703 3249 763 3291 zur
782 3228 888 3292 Kritih
911 3230 979 3293 und
1002 3229 1185 3315 Brklarung
1207 3231 1262 3295 des
1287 3232 1422 3298 Plautus
1531 3294 1537 3306 ,

190 3354 218 3417 p.
243 3333 302 3396 261
328 3332 387 3416 sq.)
418 3331 565 3416 pluribus
595 3337 679 3394 recte
709 3331 889 3415 disputavit.
935 3330 1136 3416 Quamquam
1164 3337 1198 3397 in
1227 3335 1286 3399 hac
1315 3356 1349 3399 re
1382 3337 1421 3399 ab

190 3456 227 3500 eo
260 3437 420 3519 dissentio,
451 3435 536 3520 quod
565 3435 749 3500 Terentium
777 3435 835 3498 hac
868 3437 1023 3520 particula
1053 3438 1218 3501 nonnullis
1251 3439 1329 3503 locis
1360 3441 1421 3504 alio

190 3560 287 3604 sensu
324 3561 360 3604 11
397 3540 549 3605 Plautum
586 3559 654 3604 esse
695 3559 792 3602 usum
832 3545 930 3624 putat.
989 3539 1148 3624 Bqnidem
1184 3538 1300 3606 ‘enim'
1338 3545 1422 3628 apud

189 3645 371 3708 Terentium
393 3644 571 3709 omnibus
592 3644 671 3707 loois
694 3642 879 3707 affirmantis
902 3663 970 3708 esse
989 3646 1154 3728 contendo,
1177 3653 1208 3710 et
1232 3665 1312 3730 quos
1334 3646 1421 3710 locos

188 3745 359 3832 Langenus
392 3747 432 3823 ad
464 3749 653 3811 sententiam
685 3767 776 3810 suam
810 3746 1087 3812 demonstrandam
1115 3751 1256 3834 protulit,
1284 3769 1337 3812 eos
1367 3756 1422 3814 1111

192 3853 282 3917 aliter
304 3871 372 3916 esse
393 3851 646 3936 interpretandos
669 3855 724 3915 aut
745 3870 802 3934 pro
824 3853 969 3916 insitioiis
992 3854 1153 3918 habendos
1176 3873 1245 3919 esse
1267 3855 1420 3918 existimo.

291 4041 412 4104 Iterum
430 4036 552 4124 ‘nequo
575 4039 674 4104 em'm’
694 4040 813 4125 legitur

232 4144 294 4207 Ad.
318 4144 378 4206 647
404 4163 449 4227 sq.
472 4143 518 4208 Ut
541 4149 654 4228 opinor
675 4145 731 4208 has
752 4165 819 4208 non
840 4146 934 4210 111111
957 4152 995 4227 te,
1018 4152 1049 4210 et
1071 4149 1155 4210 certo
1180 4148 1261 4210 scio:

230 4246 344 4331 Neque
366 4253 452 4310 enim
474 4248 530 4311 diu
551 4248 615 4311 huc
637 4250 822 4332 migrarunt.
848 4247 860 4334 11
886 4247 970 4325 Quid
994 4255 1064 4313 tum
1085 4251 1217 4334 postea?

292 4368 439 4450 Guyetus
460 4372 597 4454 priorem
619 4390 748 4435 versum
768 4390 825 4455 pro
847 4372 976 4435 insitivo
1000 4372 1119 4454 hahuit,
1148 4373 1296 4457 equidem
1317 4378 1421 4456 poste-

188 4473 313 4555 riorem,
336 4492 410 4538 nam
433 4493 536 4560 causa,
559 4493 617 4538 cur
637 4478 727 4563 pater
749 4475 896 4564 opinetur
911 4475 962 4541 vel
983 4476 1091 4562 potius
1114 4482 1198 4543 certo
1221 4477 1299 4541 sciat
1320 4476 1423 4543 11111111
