3150 5056
578 246 887 336 ,““7“

174 432 207 493 in
240 431 344 504 verbis
370 429 474 498 ‘aliud
504 432 637 519 aliquid'
666 436 776 500 inesse.
822 435 913 511 Quod
942 434 1084 500 Donatus
1114 437 1279 501 formulam
1309 435 1406 502 ‘alius
1518 434 1521 439 ’

174 534 304 619 aliquis³
332 542 489 602 vetustam
519 558 585 602 esse
615 543 713 622 putat,
743 539 895 603 refellitur
924 540 973 604 his
1002 542 1078 603 loeis
1101 539 1325 606 Ciceronianis:
1368 543 1406 607 de

176 658 219 702 or.
241 639 273 703 ΙΙ
296 641 337 703 36
360 643 522 705 eumalio
551 643 656 726 aliqua
683 648 748 705 arte
776 662 843 706 esse
870 663 1052 724 oommune;
1076 644 1172 707 divin.
1197 646 1232 706 in
1260 644 1294 721 Q.
1318 644 1405 709 ane.

175 744 214 804 22
248 763 312 806 non
345 750 382 807 ut
405 731 476 828 ,per'
496 751 527 810 te
560 747 667 828 alium,
701 745 755 809 sed
788 750 824 809 ut
852 766 908 830 per
940 748 1038 810 alium
1071 733 1217 831 aliquem
1238 753 1268 811 te
1300 749 1405 832 ipsum

174 846 381 927 ulciscantur3
418 869 447 931 p.
484 847 560 912 Sest.
598 850 659 911 125
698 849 827 913 Aliusne
863 855 910 913 est
945 851 1059 933 aliquis
1095 851 1247 934 improbis
1283 851 1405 914 eivibus

174 950 340 1032 peculiaris
361 952 517 1034 populus?
542 989 580 997 -ω
605 950 722 1016 Similis
744 956 791 1015 est
811 952 946 1016 formula
965 949 1061 1017 ‘alius
1084 952 1177 1037 quis',
1200 973 1280 1038 quae
1302 960 1405 1018 tamen

173 1053 218 1115 ita
239 1074 263 1135 a,
279 1053 417 1136 pleniore
443 1054 496 1117 illo
516 1050 614 1118 ‘alius
637 1052 768 1138 aliquis³
788 1055 898 1137 differt,
920 1061 957 1118 ut
983 1056 1063 1118 illud
1091 1057 1132 1119 sit
1160 1061 1316 1120 nostrum:
1355 1059 1406 1121 ein

175 1156 315 1237 anderer,
341 1157 399 1219 hoo
429 1159 470 1220 sit
498 1163 657 1221 nostrum:
696 1158 842 1241 irgend
872 1160 923 1222 ein
952 1159 1090 1223 anderer.
1134 1159 1175 1223 Et
1204 1160 1284 1224 illud
1304 1157 1406 1224 ‘aliud

176 1258 266 1343 quid'
288 1261 458 1324 sententiae
480 1261 575 1325 huius
595 1281 707 1325 versus
729 1264 918 1326 conveniens
941 1282 1007 1326 esse
1030 1263 1107 1326 dico.
1144 1262 1225 1326 Nam
1241 1262 1404 1349 Demipho,

174 1365 201 1427 si
227 1361 343 1427 ‘aliud'
362 1364 482 1448 aliquid
509 1361 622 1447 flagiti’
649 1365 787 1447 dixisset,
815 1365 853 1428 de
881 1371 964 1428 certo
993 1366 1098 1449 aliquo
1124 1365 1241 1450 flagitio
1265 1387 1283 1430 a
1306 1367 1403 1430 Phor-

175 1469 279 1532 mione
307 1473 454 1552 oonoepto
478 1469 650 1551 cogitasset,
678 1488 764 1531 nuno
792 1474 897 1532 autem
919 1488 1016 1533 senex
1043 1471 1214 1552 parasitum
1243 1470 1404 1554 quodlibet

176 1572 262 1634 aliud
287 1573 392 1636 scelus
429 1591 496 1639 esse
525 1574 767 1636 commissurum
795 1574 979 1656 suspicatur.
1023 1572 1074 1636 Ex
1101 1593 1164 1657 quo
1190 1579 1316 1658 apparet
1341 1593 1404 1636 non

145 1673 273 1743 &ahud
311 1675 429 1759 aliquid
465 1672 576 1759 flagiti’
604 1694 718 1738 ,veram
755 1677 942 1760 scripturam
983 1696 1063 1759 esse,
1099 1676 1153 1740 sed
1187 1673 1288 1740 ‘aliud
1325 1677 1402 1760 quid

172 1776 294 1862 flagiti',
323 1779 456 1862 quodsi
482 1781 699 1862 receperimus,
725 1780 801 1843 falsa
828 1781 882 1843 illa
904 1799 1032 1844 caesura
1059 1779 1181 1844 sublata
1208 1781 1273 1844 erit.
1317 1779 1401 1864 Ergo

176 1883 377 1946 scribendum
399 1883 539 1947 videtur:

216 1986 261 2050 Ut
285 1990 326 2049 sit
348 1988 403 2070 qui
424 1989 518 2069 vivat,
541 1987 617 2051 dr'nn
641 1988 745 2050 aliud
768 1987 861 2071 quid
882 1987 981 2071 flagiti
1003 1987 1155 2051 oonsioiat.

214 2196 367 2260 Phorm.
392 2195 452 2257 777
476 2193 556 2257 Cum
582 2197 641 2258 ista
669 2198 705 2259 at
733 2181 887 2279 loquatur.
911 2198 955 2276 tu,
984 2193 1069 2276 Geta,
1095 2194 1146 2257 abi
1168 2214 1254 2279 prae:
1293 2195 1406 2292 nuntia

1128 2299 1208 2361 hano
1229 2302 1403 2362 ventriram.

208 2413 210 2417 ’
277 2420 329 2485 Sio
362 2424 487 2483 auctore
520 2419 676 2483 Palmerio
710 2440 818 2484 omnes
851 2420 983 2484 editores
1017 2420 1221 2503 distinguunt.
1276 2421 1404 2485 Oodioes

76 2588 79 2593 ,
172 2525 337 2589 exhibent:
381 2523 432 2586 abi
462 2525 648 2607 praenuntia
678 2523 718 2607 (E
747 2524 937 2608 pronuntia).
989 2523 1036 2585 Ao
1065 2525 1202 2606 primum
1235 2525 1403 2588 dicendum

172 2635 218 2693 est
263 2627 393 2692 verbum
437 2628 678 2710 praenuntiandi
718 2628 802 2712 apud
845 2629 980 2690 oomioos
1024 2631 1130 2711 poetas
1174 2647 1277 2711 neque
1321 2627 1404 2711 apud

172 2733 321 2797 Plautum
344 2751 447 2815 neque
473 2731 556 2815 apud
579 2732 758 2795 Terentium
782 2751 915 2815 usquam
937 2733 1074 2814 reperiri,
1098 2731 1210 2795 deinde
1237 2732 1405 2794 formulam

166 2834 229 2901 ‘abi
256 2833 352 2920 prae²,
385 2836 435 2898 vel
459 2830 488 2897 ‘i
518 2831 606 2918 prae’
635 2854 757 2918 semper
787 2836 830 2898 ita
858 2836 892 2896 in
922 2834 1090 2897 oomoediis
1119 2837 1265 2918 usurpari
1295 2834 1402 2916 solere,

171 2947 207 3004 ut
242 2943 270 3005 is
306 2942 361 3024 qui
402 2939 491 3003 iubet
527 2941 664 3023 aliquem
701 2939 795 3020 abire,
832 2943 886 3001 aut
929 2939 1078 3001 oontinno
1120 2942 1174 3000 aut
1211 2937 1299 3001 brevi
1335 2939 1402 3021 ipse

172 3049 337 3108 secuturus
365 3044 413 3106 sit.
457 3047 499 3106 At
528 3043 587 3106 hoo
615 3043 684 3106 loeo
705 3041 859 3126 Demipho
890 3047 920 3105 et
947 3040 1025 3104 Geta
1053 3041 1168 3104 diversi
1195 3041 1320 3123 abeunt,
1349 3041 1401 3105 ille

171 3151 204 3210 in
245 3147 416 3210 Chremetis
454 3146 583 3209 domum
620 3145 847 3209 Nausistratam
886 3146 1084 3227 aooessitum,
1114 3165 1187 3207 oum
1220 3164 1330 3208 servus
1369 3146 1403 3207 in

171 3250 375 3334 Demiphonis
403 3250 533 3312 domum
558 3251 713 3331 mittatur,
740 3254 777 3311 ut
800 3249 911 3312 Phanii
935 3249 1078 3310 animum
1104 3253 1272 3331 praeparet.
1316 3247 1400 3310 Illud

170 3353 271 3439 ‘prae'
298 3353 375 3415 mihi
401 3351 527 3415 videtur
556 3373 574 3415 a
602 3352 828 3416 oorreotoribus
857 3352 961 3414 hiatus
989 3349 1108 3413 vitandi
1136 3369 1230 3413 eausa
1258 3350 1399 3414 additum

170 3479 245 3523 esse.
291 3456 361 3521 Mea
385 3456 512 3541 quidem
534 3458 687 3520 sententia
708 3455 909 3520 scribendum
931 3458 991 3518 est:

217 3561 296 3626 Cum
318 3563 378 3626 ista
398 3566 436 3624 dt
455 3562 611 3645 loquatur.
655 3565 700 3641 tu,
723 3559 808 3642 Geta,
827 3559 831 3643 Ι
852 3557 911 3640 abi,
934 3559 1045 3620 ndntia
1065 3559 1147 3621 hano
1168 3561 1340 3621 venturam.

212 3771 301 3835 Heo.
326 3770 388 3832 250
410 3767 441 3831 N
443 3787 505 3831 uno
525 3767 617 3830 video
639 3768 672 3829 in
695 3767 819 3829 illarum
842 3770 991 3849 potestate
1013 3768 1081 3830 esse
1103 3769 1140 3828 te.
1166 3763 1178 3850 ll
1203 3763 1284 3829 Heia
1306 3767 1388 3828 vero.

276 3873 344 3936 lam
367 3872 528 3936 Bentleius
550 3876 632 3934 reete
656 3872 859 3954 transposuit:

215 3976 310 4040 Nune
330 3976 421 4039 video
443 3977 478 4038 in
500 3976 625 4038 illarum
648 3977 715 4038 esse
737 3979 767 4037 te
789 3976 946 4057 potestate.
972 3970 985 4057 Η
1008 3972 1089 4036 Heia
1111 3976 1193 4036 vere.

275 4163 381 4228 Minus
402 4162 562 4247 probabile
587 4166 642 4244 ost,
665 4161 749 4245 quod
772 4161 856 4224 idem
877 4161 927 4224 vir
948 4161 1167 4245 sagacissimus

212 4271 303 4335 Hee.
327 4269 389 4330 252
410 4266 505 4331 Haud
529 4272 572 4330 tta
588 4267 683 4348 deoet,
706 4267 732 4328 si
752 4268 933 4348 perpetuam
950 4266 998 4328 ris
1021 4267 1087 4326 esse
1110 4263 1301 4326 adfinitatem
1323 4263 1404 4326 hane

168 4368 343 4456 ‘perpetem
382 4370 476 4434 hane'
507 4392 563 4454 pro
593 4366 805 4454 ‘perpetuam'
842 4370 1020 4431 coniectura
1056 4371 1217 4431 assecutus
1253 4371 1306 4430 est.
1360 4367 1404 4431 At

171 4475 255 4543 faoili
276 4477 335 4543 hac
356 4476 596 4564 transpositione
617 4475 788 4563 legitimam
812 4490 972 4541 caesuram
994 4471 1153 4540 astruas:
