3150 5056
697 316 887 384 „4-

175 509 302 596 quidem
325 518 387 575 tam
419 517 524 596 aperta
552 511 696 594 plurimis
722 511 799 574 locis
827 515 886 591 est,
917 530 1010 593 quam
1044 512 1075 572 in
1099 509 1210 574 Plauto
1241 530 1311 574 rara
1337 507 1353 573 f
1375 510 1407 591 't,

174 617 366 679 correctricis
402 635 515 678 manus
546 634 638 698 opera
672 616 705 676 in
739 613 929 696 refingendis
962 614 1231 697 resarciendisque
1264 613 1408 677 versibus

174 725 373 802 consumpta,
403 738 501 802 eaque
531 738 570 781 ex
601 719 778 802 antiquiore
807 723 905 781 aetate
936 717 1103 801 repetenda
1129 738 1224 801 quam
1250 739 1314 802 qua
1342 719 1408 802 ipse

174 822 349 885 Benrbinus
371 822 450 885 liber
472 824 606 906 scriptus
628 827 688 884 est:
711 822 837 905 longius
859 827 964 884 autem
987 842 1005 884 a
1027 821 1210 884 Terentiana
1232 822 1408 905 integritate

174 925 348 988 Bembinus
382 946 477 1009 quam
511 947 529 988 a
562 925 707 988 Plautina
741 925 971 988 Ambrosianus
1004 921 1114 988 abest'
1168 923 1229 988 Sed
1263 945 1326 987 non
1361 930 1407 988 est

174 1030 269 1092 huius
303 1030 363 1091 loci
397 1029 478 1092 lrane
511 1049 577 1092 reni
615 1029 760 1113 pluribus
799 1030 952 1112 persequi.
1008 1028 1123 1091 Fusius
1157 1028 1195 1090 de
1232 1028 1340 1091 eadem
1372 1046 1407 1091 re

175 1133 332 1216 disputavi
358 1134 390 1195 in
422 1133 591 1216 appendice
618 1133 715 1196 libelli
744 1134 822 1196 rnci:
864 1131 923 1196 Die
952 1131 1079 1195 Cantica
1110 1132 1164 1195 des
1194 1132 1311 1196 Terenz
1329 1132 1407 1209 ,und

173 1237 241 1299 ihre
269 1235 456 1317 Eurythmie
484 1257 512 1320 p.
538 1239 599 1299 583
622 1257 667 1321 sq.

276 1339 367 1403 Hanc
404 1340 610 1424 praedicenda
647 1360 714 1404 esse
750 1341 872 1424 putari,
917 1360 989 1403 cum
1026 1359 1113 1402 nunc
1149 1338 1195 1403 de
1230 1340 1406 1403 iambico

173 1444 278 1527 apud
312 1444 539 1508 Terentium
574 1446 801 1528 septenario
836 1444 1051 1528 disputaturus
1085 1464 1165 1507 sum.
1217 1443 1298 1508 Nam
1332 1465 1406 1508 nus-

174 1568 269 1631 quam
292 1547 366 1611 alibi
393 1549 425 1610 in
452 1548 644 1611 Terentianis
670 1547 784 1611 fabulis
807 1554 871 1611 tam
894 1554 1020 1631 apparet
1046 1552 1139 1631 atque
1162 1552 1276 1629 exstat,
1307 1568 1406 1632 quan-

173 1656 279 1734 topere
301 1657 409 1735 poetae
432 1653 585 1734 scriptura
608 1672 626 1714 a
648 1652 830 1714 correctoris
852 1652 896 1713 rei
919 1651 1065 1714 metricae
1086 1652 1238 1734 imperitis
1261 1657 1407 1736 corrupta

173 1755 214 1817 sit
236 1775 326 1838 quarn
348 1757 382 1817 ln
405 1756 449 1817 eis
471 1754 621 1838 partibus,
651 1773 731 1838 quac
758 1756 790 1816 in
814 1754 872 1816 hoc
894 1759 993 1817 metro
1020 1756 1151 1838 scriptae
1174 1760 1255 1818 sunt.
1300 1756 1406 1839 Atque

173 1859 266 1920 etiam
293 1859 372 1921 illud
398 1878 438 1921 cx
468 1859 517 1921 his
543 1878 623 1941 quae
654 1858 734 1921 infra
763 1857 991 1941 disputabimus
1021 1858 1155 1921 elucebit
1182 1858 1361 1922 Terentium
1388 1879 1406 1922 a

173 1959 307 2025 librariis
346 1981 401 2045 per
438 1963 595 2024 inscitiam
634 1963 733 2025 multo
773 1963 872 2045 magis
911 1967 1093 2044 corruptum
1131 1968 1161 2025 et
1201 1962 1404 2046 depravatum

173 2083 240 2127 esse
274 2086 369 2148 quam
403 2064 560 2146 Plautum,
593 2071 628 2128 ut
660 2085 770 2128 verum
804 2067 845 2129 sit
878 2065 963 2149 quod
999 2067 1061 2128 iam
1094 2065 1284 2130 Ritschelius
1317 2067 1404 2150 proll.

173 2188 201 2250 p.
225 2166 360 2231 CXVIII
394 2170 568 2252 suspicatus
595 2174 657 2231 est:
697 2164 777 2232 ‘non
810 2188 957 2253 quaeram
987 2189 1073 2231 nunc
1100 2174 1205 2232 utrum
1235 2171 1405 2254 asperiores

173 2270 232 2333 sibi
266 2292 361 2355 quam
395 2271 527 2335 Plautus
560 2279 708 2335 numeros
741 2273 903 2336 Terentius
940 2273 1115 2354 indulserit,
1147 2293 1187 2335 an
1226 2273 1321 2337 huius
1355 2293 1405 2346 co·

172 2374 320 2456 moediae,
353 2380 389 2437 ut
421 2375 593 2438 studiosius
626 2377 718 2438 etiarn
750 2397 844 2459 quarn
874 2375 1038 2439 Plautinae
1072 2381 1103 2438 et
1135 2376 1287 2439 lectitatae
1321 2383 1351 2440 ct
1387 2398 1406 2440 a

171 2478 381 2559 grammaticis
425 2483 584 2557 tractatae,
632 2479 757 2541 maioris
797 2480 981 2561 integritatis
1030 2480 1165 2561 speciem
1213 2481 1405 2543 mentiantur

171 2584 303 2662 tantum,
332 2600 439 2664 reapse
466 2581 542 2643 adeo
570 2583 746 2664 graviorem
773 2583 1042 2665 interpolationem
1068 2601 1177 2666 passae
1203 2584 1280 2645 sint:
1320 2584 1404 2667 quod

170 2688 206 2745 ut
234 2682 359 2745 credam
388 2702 451 2746 non
481 2684 564 2746 leves
593 2703 643 2746 nre
665 2704 792 2748 caussae
814 2682 958 2748 movent?
1002 2683 1115 2747 Confer
1141 2685 1234 2748 etiam
1257 2705 1301 2767 ea,
1324 2705 1404 2769 quae

168 2785 357 2850 Ritschelius
397 2788 485 2871 proll.
521 2808 550 2870 p.
589 2786 680 2849 CXX
717 2787 811 2850 dixit:
857 2783 1011 2850 ‘Omnino
1056 2793 1161 2851 autem
1206 2790 1262 2851 rix
1306 2790 1403 2852 ullam

170 2909 313 2953 scaenam
344 2909 411 2953 esse
440 2889 616 2952 fabularum
645 2890 900 2953 Terentianarum
927 2896 1012 2974 puto,
1040 2891 1073 2953 in
1102 2912 1164 2975 qua
1192 2911 1256 2955 non
1286 2891 1405 2975 aliquid

172 2992 332 3056 turbatum
362 2994 402 3056 sit
433 2993 569 3076 gravius
598 2994 721 3056 criticae
750 2995 824 3056 artis
851 2993 1037 3057 medicinam
1065 2997 1158 3059 etiam
1186 3001 1255 3080 post
1281 2995 1404 3059 Bentlei

172 3115 264 3160 curas
287 3093 494 3179 exspectans³

274 3201 380 3283 Atque
408 3205 444 3262 ut
469 3200 508 3262 ad
534 3219 601 3262 rem
630 3201 820 3283 propositam
846 3202 1018 3284 veniamus,
1045 3204 1078 3265 in
1108 3204 1165 3265 han
1194 3203 1403 3286 disputatione

172 3307 256 3366 tres
283 3305 533 3386 quaestiones
564 3323 693 3386 magnas
720 3309 750 3366 et
776 3324 895 3387 graves,
925 3324 1005 3388 quae
1033 3305 1071 3368 ad
1100 3307 1278 3369 universam
1307 3306 1402 3368 huius

172 3407 264 3469 metri
305 3407 457 3469 rationem
499 3412 529 3470 et
576 3411 718 3470 naturam
760 3407 1001 3491 intellegendam
1040 3410 1210 3492 pertinent,
1250 3409 1403 3491 tractabo,

172 3529 283 3572 unam
321 3508 365 3572 de
404 3511 589 3592 caesuris,
629 3511 792 3573 alteram
829 3511 872 3574 de
914 3512 1027 3575 hiatu
1065 3517 1100 3575 et
1136 3511 1298 3594 syllaba
1333 3533 1402 3576 an·

173 3612 302 3696 cipiti,
334 3614 493 3676 tertiam
521 3612 565 3676 de
594 3614 834 3697 synaloepha
863 3616 899 3678 in
930 3634 1095 3679 caesura.
