3150 5056
563 216 893 334 '„16-.

169 460 303 525 imbrem
340 457 487 524 aureum³
525 459 566 542 (v.
602 460 790 542 583-585).
850 457 987 523 Chaerea
1025 477 1154 542 quoque
1190 458 1224 521 id
1261 463 1401 542 spectare

170 567 272 649 coepit
293 570 324 629 00
347 566 423 648 quia
451 584 587 647 magnus
614 564 669 627 ille
690 563 834 648 luppiter
852 560 932 626 ‘iam
960 563 1036 626 olim
1064 563 1260 626 consimilem
1286 562 1402 627 ludum

169 665 311 749 luserat',
335 687 371 730 eo
393 669 494 751 magis
516 667 674 751 gaudebat
697 668 736 749 (0.
761 667 830 730 586.
855 668 935 749 587).
976 663 1085 752 ‘ng0’,
1114 668 1229 750 inquit,
1247 663 1401 729 ‘homun-

169 774 217 834 cio
239 772 300 835 hoo
321 791 387 835 non
409 771 564 835 facerem?
599 791 655 854 ego
678 770 760 834 illud
780 790 854 834 vero
876 772 953 834 item
972 770 1032 834 feci
1054 790 1090 834 ao
1111 767 1241 834 lubens’
1263 771 1301 852 (0.
1320 770 1400 851 591).

168 875 209 939 nt
240 874 420 958 Anthipho‚
451 876 508 957 qui
541 879 715 938 extremam
747 875 937 938 narrationis
970 879 1092 958 partem
1124 875 1239 937 tacitus
1274 874 1401 938 auscul-

168 984 296 1060 0000000,
325 979 438 1042 ultima
464 980 557 1041 amici
578 978 690 1041 verba:
726 976 796 1064 ‘ego
818 978 900 1042 illud
923 997 998 1042 0000
1026 979 1103 1042 item
1125 978 1184 1042 feci
1213 997 1249 1041 ao
1277 974 1402 1040 lubens'

168 1102 241 1146 oum
263 1083 409 1145 irrisione
430 1083 480 1146 his
499 1082 604 1145 verbis
627 1082 806 1146 confirmat:
838 1080 939 1146 ‘Sane
960 1082 1064 1146 hercle
1086 1089 1124 1146 ut
1146 1080 1239 1146 (11010>
1261 1082 1302 1165 (0.
1319 1081 1402 1162 607),

169 1178 261 1270 quod
278 1184 425 1249 Donatus
448 1191 531 1250 00000
553 1187 613 1249 hoo
636 1186 729 1250 modo
751 1189 993 1270 interpretatur:
1032 1205 1108 1250 sane
1129 1187 1234 1255 hercle
1256 1187 1310 1249 ita
1332 1191 1401 1267 est,

168 1295 205 1353 ut
235 1290 321 1372 diois,
344 1289 377 1352 id
404 1295 459 1371 est,
483 1289 576 1353 oredo
608 1309 684 1353 sane
710 1291 815 1354 herois
842 1296 873 1354 00
900 1291 1064 1354 lubentem
1091 1290 1151 1353 hoo
1178 1291 1254 1353 item
1282 1289 1401 1353 fecisse.

169 1392 325 1475 Ceterum,
359 1393 445 1477 quod
474 1395 508 1456 10
539 1395 600 1457 hoo
629 1413 725 1458 versu
756 1394 840 1476 (ool)
868 1393 908 1457 ad
936 1394 1030 1457 aliam
1057 1413 1123 1458 rem
1152 1395 1306 1457 transitur
1333 1392 1402 1476 (sed

168 1499 295 1561 interim
318 1497 362 1561 de
385 1498 576 1561 sumbolis
599 1497 677 1581 quid
700 1503 806 1561 actum
829 1497 922 1581 esti),
944 1504 1082 1562 metrum
1110 1497 1215 1561 subito
1244 1503 1400 1561 mutatur:

168 1621 282 1665 versus
304 1601 455 1666 iambicos
478 1602 655 1665 octonarios
679 1607 860 1685 sequuntur
883 1603 1052 1685 septenarii
1072 1601 1206 1664 iambici.

271 1704 372 1768 Nemo
395 1712 443 1769 est
466 1706 522 1788 qui
548 1724 614 1768 non
642 1705 771 1787 viderit,
802 1725 897 1788 quam
927 1710 998 1789 apte
1027 1705 1232 1768 haecomnia
1260 1695 1343 1768 inter
1369 1723 1403 1768 se

169 1828 291 1873 conexa
319 1810 396 1891 sint,
426 1813 464 1872 ut
496 1809 589 1891 nihil,
623 1808 709 1892 quod
743 1809 782 1871 ad
812 1828 880 1872 rem
909 1808 1155 1893 intellegendam
1188 1810 1403 1872 necessarium

168 1914 271 1996 fuerit,
288 1912 454 1976 desideres.
499 1909 578 1987 Quis
600 1933 675 1976 vero
699 1919 754 1996 est,
778 1915 834 1997 qui
855 1918 966 1996 poetae
986 1913 1141 1997 pudorem
1164 1912 1402 1977 verecundiam-

171 2037 232 2102 que
254 2037 320 2080 non
342 2016 523 2097 admiretur,
547 2016 633 2099 quod
659 2036 725 2080 non
754 2016 885 2099 diutius,
915 2038 1011 2101 quam
1037 2037 1166 2081 0000000
1189 2022 1263 2099 erat,
1290 2019 1325 2081 in
1352 2017 1402 2080 bis

169 2121 317 2205 turpibus
356 2119 452 2184 rebus
494 2119 709 2184 describendis
747 2126 959 2184 commoratus
999 2126 1047 2184 est
1083 2140 1190 2204 neque
1227 2106 1403 2205 quidquam

171 2224 305 2288 ornandi
333 2244 429 2288 causa
456 2223 599 2287 addidit?

273 2324 431 2402 Quoniam
458 2328 585 2391 Terenti
616 2328 830 2391 narrationem
861 2329 912 2391 his
941 2327 1063 2392 verbis:
1105 2324 1179 2413 tego
1211 2328 1294 2392 illud
1326 2347 1401 2392 vero

169 2434 245 2496 item
266 2431 326 2494 feci
349 2451 385 2495 ao
406 2429 536 2495 lubeus'
559 2431 645 2514 (591)
669 2431 847 2496 absolutam
870 2434 1013 2516 exposui,
1034 2452 1123 2497 0000
1144 2433 1317 2515 videamus
1340 2453 1404 2516 qua

169 2537 291 2599 ratione
318 2536 525 2619 interpolator
552 2555 632 2618 opus
661 2556 758 2599 suum
788 2537 960 2600 attenuent
990 2541 1021 2599 00
1047 2555 1154 2600 veram
1184 2537 1403 2618 sinceramque

169 2640 383 2703 narrationem
404 2640 645 2703 continuaverit.

273 2739 345 2824 Qui,
361 2761 555 2825 quamquam
571 2739 708 2806 Chaerea
730 2744 943 2806 narrationem
966 2742 1005 2806 de
1019 2743 1158 2807 facinore
1180 2762 1239 2807 suo
1261 2743 1311 2807 his
1333 2762 1403 2806 000-

169 2845 234 2910 bis:
260 2842 336 2929 ‘ego
358 2845 439 2908 illud
466 2865 542 2908 0000
570 2847 647 2909 item
668 2846 728 2910 feci
754 2866 790 2910 ac
811 2843 942 2910 lubens'
964 2847 1003 2909 ad
1025 2846 1122 2910 finem
1142 2846 1302 2931 perduxit,
1324 2847 1403 2911 adu-

170 2951 342 3013 lescentem
364 2949 470 3013 denuo
492 2969 620 3014 narrare
646 2951 851 3034 incipientem
872 2950 946 3013 facit
973 2951 1023 3014 his
1046 2951 1168 3016 verbis:
1202 2947 1306 3015 ‘Dum
1328 2952 1405 3015 haec

170 3073 297 3118 mecum
336 3051 464 3137 reputo'
497 3054 539 3136 (0.
575 3054 658 3137 592).
713 3054 765 3119 At
802 3055 959 3118 omnino
994 3056 1094 3119 nihil
1128 3060 1242 3120 antea
1274 3074 1405 3119 secum

170 3158 378 3241 reputavit.
415 3156 498 3220 Nam
519 3177 576 3241 per
592 3177 625 3222 00
644 3160 751 3242 ipsum
772 3163 859 3242 patet
879 3160 914 3222 10
929 3159 1035 3223 verbis
1057 3159 1319 3244 praecedentibus
1333 3156 1404 3243 ‘ego

170 3261 252 3325 illud
280 3280 355 3325 vero
384 3262 461 3324 item
493 3261 554 3324 feci
583 3281 619 3326 ao
649 3259 786 3344 lubens',
818 3262 936 3347 quibus
969 3261 1106 3328 Chaerea
1137 3264 1236 3327 amico
1266 3263 1405 3327 breviter

172 3365 309 3449 quidem,
339 3364 395 3428 sed
422 3369 527 3428 tamen
556 3385 622 3429 non
652 3365 786 3429 obscure
812 3361 920 3432 narrat
947 3387 980 3432 se
1008 3368 1126 3451 virgini
1154 3369 1221 3430 0100
1251 3366 1404 3449 attulisse,

172 3468 430 3534 deliberationem
457 3488 525 3533 esse
552 3470 683 3532 nullam.
727 3469 777 3534 Ao
798 3490 840 3534 ne
861 3491 898 3535 ea
926 3471 1055 3555 quidem
1077 3470 1181 3553 verba,
1205 3490 1287 3555 quae
1313 3472 1405 3535 initio

171 3592 284 3636 versus
301 3578 391 3636 sunt:
426 3568 506 3657 ‘Ego
522 3573 692 3636 homuncio
707 3574 768 3636 hoc
782 3594 848 3637 non
863 3572 1029 3639 facerem’?
1053 3576 1116 3658 (ioh
1131 3576 1218 3640 h'atte
1233 3574 1300 3639 dies
1317 3575 1406 3639 nicht

172 3676 254 3740 thun
281 3676 417 3759 salleni)
451 3674 589 3740 Chaerea
610 3695 719 3740 secum
744 3682 905 3760 reputans,
928 3678 983 3743 sed
1009 3678 1049 3742 ad
1071 3681 1208 3744 amioum
1231 3698 1405 3743 conversus

173 3781 257 3862 dicit,
272 3780 311 3843 ad
328 3799 409 3863 quae
431 3781 499 3864 ipse
520 3781 706 3864 respondet:
736 3778 821 3866 ‘Ego
843 3781 926 3845 illud
940 3802 1016 3847 0000
1034 3784 1111 3848 item
1132 3784 1193 3848 feci
1214 3801 1251 3846 ao
1271 3780 1407 3847 lubens?

174 3882 337 3964 Ceterum,
367 3885 395 3946 si
422 3885 456 3946 in
485 3885 549 3948 illis
582 3884 687 3948 verbis
717 3884 900 3949 deliberatio
929 3887 1063 3969 inesset,
1093 3889 1173 3950 ratio
1202 3887 1406 3970 grammatica

112 4037 113 4042 1
172 4007 239 4051 non
253 3986 428 4071 imperfecti
450 3986 506 4051 sed
529 3989 749 4071 praesentis
772 3990 921 4072 temporis
937 3991 1178 4054 coniunctivum
1200 3989 1407 4074 flagitavisset

175 4096 206 4155 et
229 4089 367 4155 Chaerea
388 4093 433 4155 ita
454 4091 520 4155 fere
542 4112 651 4156 secum
672 4093 762 4176 loqui
786 4092 932 4157 debebat:
972 4093 1068 4178 Coepi
1094 4113 1220 4159 mecum
1241 4100 1405 4178 reputare:

174 4196 202 4258 si
224 4195 284 4257 hoo
305 4193 450 4278 Iuppiter
470 4216 606 4279 magnus
627 4196 709 4278 fecit,
732 4216 789 4280 ego
811 4198 982 4260 homuncio
1004 4197 1065 4260 hoc
1085 4217 1152 4261 non
1173 4200 1249 4262 item
1270 4198 1408 4262 faciam

175 4299 280 4382 (sollte
307 4298 359 4360 ioh
391 4299 458 4362 dies
489 4300 578 4364 nicht
611 4300 729 4363 ebenso
758 4301 900 4383 thun?)?
944 4301 1086 4385 Apparet
1114 4303 1214 4387 igitur
1242 4308 1273 4368 00
1303 4307 1407 4368 exstat

173 4403 294 4487 prima
315 4401 430 4465 verba
451 4404 744 4487 interpolatoris
756 4401 862 4468 ‘Dum
876 4405 953 4468 haec
967 4424 1093 4469 mecum
1107 4403 1236 4490 reputo’
1251 4424 1407 4489 praece-

175 4505 279 4569 denti
307 4506 455 4585 versui,
487 4508 526 4568 in
557 4526 629 4589 quo
663 4507 771 4569 nulla
803 4513 863 4571 est
896 4507 1141 4590 deliberatio,
1177 4527 1406 4592 repugnare.
