3150 5056
679 270 890 332 „26-

270 461 301 522 A
322 460 467 544 praebet:
501 464 597 542 atque
628 461 754 523 servari.
804 459 1013 524 Scribendum
1040 462 1139 545 igitur
1168 462 1308 526 videtur:
1340 464 1401 529 Dic

168 584 218 628 me
247 565 298 627 hic
326 563 439 648 oppido
466 561 468 648 l
492 564 625 627 invitam
654 584 722 628 θεεθ
751 584 787 628 θθ
818 565 944 628 servari.
1018 560 1020 564 ’

272 769 429 833 Omnibus
457 771 506 833 his
531 771 609 834 locis
629 767 738 852 ‘esse'‚
769 771 983 855 quodquam
1013 772 1197 856 frequenter
1225 794 1243 836 a
1271 775 1400 838 comicis

169 876 271 938 omitti
299 875 405 956 soleat,
427 894 493 937 non
521 879 569 939 θεῖ
600 875 686 958 quod
717 875 826 958 dicam,
850 876 888 940 ab
917 876 1196 960 interpolatoribus
1223 878 1401 961 profectum

169 997 238 1042 esse
270 977 413 1060 videtur,
443 983 480 1042 ut
512 978 618 1042 hiatus
648 984 871 1043 removeretur.
921 979 1042 1044 Eodem
1072 980 1165 1045 modo
1192 977 1273 1046 ‘est’
1303 984 1401 1046 semel

168 1082 247 1145 falso
276 1083 473 1145 inculcatum
500 1087 563 1145 est:

210 1187 365 1254 Phorm.
394 1186 455 1249 769
488 1186 641 1270 Accipere
672 1187 710 1250 ab
741 1188 796 1251 illo
826 1188 999 1252 iniuriam?
1030 1190 1124 1252 etiam
1155 1191 1322 1273 argentum
1352 1194 1400 1254 est

1122 1293 1207 1355 ultro
1231 1291 1400 1356 obiectum.

272 1393 346 1478 Ipsa
378 1396 468 1479 gravi
498 1395 699 1459 distinctione
731 1395 892 1459 indicatur
924 1397 1054 1459 alteram
1084 1396 1243 1479 dipodiam
1273 1417 1291 1459 a
1320 1416 1399 1460 voco

168 1495 290 1562 ‘etiam'
311 1499 457 1582 incipere.
495 1498 637 1580 Accedit,
661 1499 747 1582 quod
766 1495 846 1562 ‘est'
868 1501 902 1562 in
926 1497 949 1562 O
971 1498 999 1561 Ε
1022 1499 1049 1562 P
1077 1500 1164 1562 deest
1191 1504 1222 1562 et
1248 1501 1283 1562 in
1304 1497 1333 1561 D
1357 1498 1397 1562 ΕΙ

170 1622 296 1665 erasum
326 1607 381 1664 est.
423 1600 572 1685 Denique
595 1603 750 1666 sententia
777 1604 846 1686 ipsa
871 1603 1060 1687 postulatur,
1083 1608 1119 1666 ut
1143 1599 1222 1666 ‘est'
1250 1602 1400 1666 deleatur.

170 1705 252 1769 Nam
286 1706 487 1769 enuntiatum
516 1701 627 1768 ‘ctiam
661 1743 700 1751 —
735 1704 908 1770 obiectum’
939 1726 996 1791 pro
1031 1707 1259 1770 exclamatione
1293 1705 1401 1788 Demi-

170 1810 285 1893 phonis
313 1807 405 1872 valde
431 1810 546 1872 irritati
578 1814 624 1872 θεῖ
651 1809 840 1873 habendum.
890 1809 1099 1873 Scribendum
1127 1814 1175 1873 est
1202 1811 1301 1893 igitur
1328 1829 1402 1875 cum

170 1913 276 1977 hiatu:
308 1913 462 1996 Accipere
484 1912 522 1975 ab
544 1913 600 1976 illo
622 1913 796 1976 iniuriam?
820 1915 914 1977 etiam
937 1916 1104 1999 argentum
1126 1914 1210 1978 ultro
1235 1913 1402 1978 obiectum.

272 2103 332 2165 Tor
357 2099 523 2166 ‘hercle'
550 2103 629 2166 falso
658 2104 817 2168 adiectum
847 2109 902 2185 est,
932 2109 970 2167 ut
999 2104 1105 2168 hiatus
1135 2104 1315 2167 tolleretur:

213 2207 367 2273 Phorm.
396 2207 458 2269 774
490 2206 637 2270 Etiamne
670 2207 704 2270 id
738 2206 927 2271 dubiumst?
964 2205 975 2292 Η
1010 2205 1151 2270 Hauscio
1184 2207 1332 2289 hercle,
1365 2213 1403 2273 ut

908 2312 1041 2392 homost,
1064 2331 1105 2374 an
1127 2315 1230 2375 mutet
1252 2313 1402 2375 annuum.

275 2413 356 2478 (ium
389 2416 526 2478 formula
554 2411 703 2478 ‘hauscio
736 2412 792 2477 an’
824 2416 927 2478 valeat
954 2410 1125 2496 ‘fortasse³,
1155 2415 1246 2478 facile
1279 2414 1403 2478 intelle-

171 2521 266 2604 gitur,
291 2540 386 2603 quam
412 2519 488 2582 huic
516 2520 585 2581 loco
613 2538 679 2581 non
709 2520 749 2582 sit
777 2520 969 2582 conveniens
997 2518 1079 2581 illud
1103 2514 1240 2583 ‘hercle’
1268 2519 1403 2582 affirma

173 2626 283 2688 tivum.
327 2623 409 2686 Nam
434 2624 490 2706 qui
512 2622 633 2706 aliquid
655 2622 820 2686 fortasse
843 2622 983 2686 accidere
1004 2642 1097 2706 posse
1118 2628 1217 2707 putat,
1240 2624 1309 2687 eius
1332 2642 1402 2685 sen-

173 2729 272 2791 tentia
299 2726 396 2790 dubia
425 2732 456 2790 et
485 2727 605 2789 incerta
634 2731 688 2789 est.
737 2726 838 2790 Nemo
868 2731 975 2790 autem
1004 2745 1079 2808 rem,
1109 2725 1148 2789 de
1178 2747 1242 2810 qua
1270 2725 1403 2808 dubitat,

172 2832 327 2916 particula
345 2827 480 2894 ‘hercle'
508 2829 614 2893 addita
640 2829 796 2894 affirmare
824 2831 911 2894 solet.
954 2829 1039 2916 Ergo
1063 2829 1194 2895 scribas:
1222 2827 1400 2916 Hauscio,t

172 2940 209 2999 ut
236 2936 370 3017 homost
402 2954 443 2997 an
472 2938 574 2998 mutet
602 2935 751 2998 animum.

214 3154 308 3219 Eun
333 3151 392 3214 321
419 3148 525 3226 Quid?
552 3154 642 3234 virgo
666 3151 812 3235 quoiast?
838 3149 850 3236 ll
874 3150 989 3214 Nescio
1011 3150 1149 3214 hercle.
1174 3147 1185 3234 tl
1216 3148 1362 3213 Undest?
1390 3145 1402 3233 ll

450 3247 453 3254 ¹
906 3254 1114 3317 Tantundem.
1140 3251 1152 3338 ll
1176 3252 1241 3316 Ubi
1263 3252 1404 3315 habitat?

277 3358 413 3422 Chaerea
447 3359 528 3422 nihil
564 3359 670 3441 habet,
714 3359 801 3443 quod
837 3359 876 3421 ad
913 3359 1087 3442 simplicem
1126 3357 1404 3439 interrogationem

173 3462 394 3526 Parmenonis:
425 3457 531 3545 ‘virgo
561 3459 721 3545 quoiast?
747 3459 881 3525 ‘hercle'
909 3461 1010 3525 addat.
1055 3460 1137 3523 Satis
1167 3464 1213 3523 θεῖ
1240 3479 1313 3523 eum
1337 3461 1405 3522 sine

173 3565 361 3629 affirmativa
382 3584 460 3628 voce
487 3565 691 3648 respondere:
716 3561 868 3629 ‘Nescio’.
909 3560 1054 3628 ‘Hercle’
1083 3582 1141 3627 suo
1168 3564 1238 3626 loco
1265 3563 1406 3646 positum

174 3674 264 3750 esset,
288 3671 315 3731 si
337 3669 492 3732 Parmeno
516 3673 608 3732 antea
628 3671 761 3733 miratus
785 3673 867 3732 esset
889 3688 962 3731 eum
982 3667 1016 3730 id
1038 3669 1168 3749 nescire,
1191 3668 1242 3730 vel
1264 3667 1291 3729 si
1314 3664 1406 3728 dubi-

174 3773 312 3853 tavisset,
334 3791 488 3834 verumne
510 3773 564 3836 ille
586 3772 727 3835 dixisset.
770 3771 844 3836 Non
868 3777 915 3835 est
941 3773 1040 3855 igitur
1062 3771 1204 3850 dubium,
1229 3771 1308 3853 quin
1331 3769 1407 3831 scri-

172 3875 314 3939 bendum
336 3877 392 3939 sit:
424 3875 547 3940 Nescio.
573 3875 576 3962 l
600 3875 749 3940 Unddst?
778 3875 986 3940 Tantundem.
1030 3874 1096 3939 Ubi
1116 3873 1258 3937 habitat?

216 4103 310 4167 Eun.
333 4100 396 4162 274
423 4099 495 4163 Hoc
522 4099 580 4163 tibi
606 4100 834 4183 mancupium?
864 4097 876 4184 ll
900 4098 974 4162 Non
996 4100 1117 4163 malum
1138 4097 1276 4161 hercle.
1302 4095 1314 4182 lt
1338 4096 1406 4160 Uro

853 4203 1021 4266 hominem.
1046 4200 1058 4288 ll
1083 4201 1128 4265 Ut
1149 4201 1249 4263 falsus
1272 4201 1407 4262 animist.

279 4304 360 4368 Cum
382 4305 536 4369 Parmeno
562 4304 722 4369 Gnathoni
743 4306 963 4389 interroganti:
993 4301 1070 4369 ‘Sed
1095 4304 1172 4388 quid
1195 4302 1324 4366 videtur
1337 4302 1408 4364 Hoc

178 4409 235 4473 tibi
250 4408 493 4492 mancupium?
516 4410 599 4472 clara
612 4427 690 4472 voce
711 4408 908 4491 respondeat,
922 4409 1095 4472 ridiculum
1118 4412 1208 4489 esset,
1231 4409 1258 4470 si
1274 4403 1408 4468 ‘hercle'

176 4513 216 4578 ad
234 4510 314 4576 ‘non
338 4508 479 4594 malum,
509 4512 595 4598 quod
618 4531 731 4578 servus
754 4517 881 4579 coactus
909 4517 941 4578 et
965 4513 1086 4578 invitus
1115 4511 1198 4595 dicit,
1228 4509 1406 4576 addidisset.
