3150 5056
750 1051 815 1120 ΙΠ.

351 1257 407 1335 ΒΕ
435 1256 731 1336 8ΥΝΑ1οΕΡΗΑ
759 1256 798 1334 ΙΝ
831 1256 969 1335 uecta
996 1256 1210 1337 GAESURA.

265 1464 339 1530 Duo
372 1466 640 1549 synaloepharum
672 1485 788 1549 genera
818 1471 894 1529 sunt
925 1465 1163 1549 distinguenda:
1200 1472 1256 1530 aut
1287 1466 1400 1530 ultima

164 1570 287 1652 syllaba
310 1572 415 1653 quarti
429 1570 525 1633 iambi
548 1575 636 1632 ante
658 1589 821 1632 caesuram
843 1589 917 1632 cum
940 1574 1093 1652 sequente
1109 1570 1265 1633 vocabulo
1290 1590 1399 1634 mono-

164 1673 287 1755 syllabo
306 1674 358 1737 vel
379 1673 580 1757 polysyllabo
604 1673 759 1755 coalescit,
782 1679 837 1736 aut
852 1673 986 1736 verbum
1010 1673 1095 1736 ultra
1117 1679 1269 1756 quartum
1286 1675 1401 1758 pedena

163 1776 317 1861 procedit,
352 1782 389 1840 ut
416 1783 558 1840 extrema
587 1777 723 1858 syllaba,
759 1796 840 1860 quae
870 1776 1011 1858 eliditur,
1044 1783 1130 1860 post
1161 1796 1323 1840 caesuram
1351 1779 1400 1840 sit.

164 1879 235 1944 Hoc
249 1882 318 1944 loco
339 1881 416 1944 haec
432 1883 575 1965 quaestio
592 1882 708 1962 existit,
728 1886 839 1943 utrum
854 1881 978 1942 elisioni
997 1882 1031 1942 in
1047 1899 1178 1944 caesura
1192 1882 1400 1944 iambicorum

167 1986 418 2067 septenariorum
454 1984 544 2048 locus
568 2005 738 2048 concessus
768 1985 809 2047 sit
836 2003 944 2046 necne.
987 1983 1173 2047 Tenendum
1201 1991 1249 2047 est
1279 2004 1402 2068 semper

164 2092 290 2171 poetam
311 2089 504 2170 septenarios
525 2094 722 2169 asynartctos
743 2107 811 2151 esse
827 2088 976 2168 voluisse,
997 2091 1034 2150 ut
1049 2106 1091 2150 ex
1109 2086 1234 2150 duabus
1249 2089 1401 2171 partibus,

167 2209 248 2273 quae
269 2192 361 2273 quasi
380 2211 437 2274 pro
459 2192 595 2275 singulis
610 2191 756 2254 versibus
776 2190 938 2255 habendae
954 2194 1038 2271 sunt,
1058 2191 1150 2253 nulla
1164 2192 1402 2254 continuatione

166 2295 293 2357 numeri
328 2301 516 2358 constarent.
571 2296 729 2379 Apertum
762 2300 810 2357 est
843 2300 963 2376 autem,
1002 2314 1076 2357 cum
1110 2296 1304 2379 synaloepha
1338 2296 1402 2358 duc

166 2398 271 2480 verba,
288 2417 370 2481 quae
385 2399 575 2480 coalescunt,
598 2403 664 2461 arte
687 2400 885 2482 copulentur,
908 2400 952 2460 ita
971 2403 1009 2461 ut
1032 2400 1124 2481 quasi
1146 2419 1249 2461 unum
1268 2399 1402 2462 verbum

167 2500 317 2583 efficiant,
350 2502 384 2564 id
416 2507 550 2565 naturae
584 2508 615 2565 et
648 2504 763 2564 rationi
797 2503 1061 2585 septenariorum,
1097 2503 1153 2585 qui
1186 2503 1404 2582 asynarteti

167 2610 252 2687 sunt,
279 2623 465 2688 repugnare.
509 2604 646 2668 Prorsus
669 2607 730 2667 alia
751 2607 830 2667 ratio
854 2610 902 2667 est
928 2610 1220 2686 synartetorum
1241 2625 1403 2685 versuum,

166 2709 201 2771 in
225 2708 343 2790 quibus
367 2708 455 2770 elisio
471 2709 589 2771 vocalis
612 2728 760 2771 caesurae
782 2728 848 2770 11011
871 2707 968 2771 officit
991 2713 1022 2770 01
1035 2707 1195 2771 indicatur
1211 2709 1405 2772 vocabulum

169 2830 206 2873 ea
235 2811 358 2891 syllaba
385 2814 561 2893 terminari,
587 2808 687 2896 ‘quae
713 2813 741 2874 si
768 2830 834 2873 uon
861 2810 1043 2892 elideretur,
1073 2812 1154 2874 nihil
1181 2812 1220 2874 ad
1246 2813 1404 2895 legitimae

169 2933 316 2977 caesurae
347 2914 534 2998 elegantiam
565 2913 699 2979 deesset'
727 2914 888 2998 (Ritschel.
919 2916 1008 2998 proll.
1037 2935 1067 2998 p.
1090 2914 1304 2998 CCLXXIV).
1352 2916 1406 2979 Ex

169 3017 227 3099 his,
244 3037 325 3101 quae
340 3019 434 3081 modo
450 3021 592 3102 exposui,
609 3018 752 3100 efficitur,
768 3024 806 3081 ut
822 3038 919 3102 quae
938 3014 1044 3102 legeh
1064 3019 1103 3080 in
1117 3018 1197 3081 fine
1212 3038 1404 3101 versuum,

171 3121 323 3184 eaedem
344 3122 384 3183 in
405 3121 485 3185 fine
507 3123 651 3205 prioris
675 3122 853 3205 dipodiae
876 3121 1039 3184 valeant.

274 3223 445 3299 Quaeritur
462 3226 568 3308 igitur,
591 3225 708 3309 quibus
732 3224 968 3287 conditionibus
991 3225 1079 3287 elisio
1102 3227 1137 3287 in
1159 3224 1237 3288 fine
1252 3245 1406 3288 versuum

172 3327 295 3390 admitti
317 3329 422 3391 soleat.
468 3327 571 3403 Quam
601 3330 819 3413 quaestionem
846 3348 920 3391 cum
942 3329 1003 3391 alio
1025 3329 1094 3391 loco
1118 3329 1249 3392 uberius
1273 3335 1406 3391 tractare

170 3432 205 3493 in
238 3433 343 3494 animo
378 3433 430 3513 sit,
464 3452 552 3495 nunc
586 3437 710 3495 tantum
741 3433 865 3494 dicatur
897 3431 1122 3495 Terentium
1155 3438 1191 3495 ot
1224 3432 1407 3495 Plautum

172 3535 371 3598 elisionem
399 3536 437 3597 in
466 3535 547 3598 fine
575 3555 758 3599 versuum
788 3536 864 3598 nisi
893 3541 1076 3619 sequente
1105 3555 1197 3598 voco
1225 3536 1407 3598 enclitica

172 3638 248 3701 sibi
269 3657 347 3700 non
368 3639 591 3703 indulsisse.
634 3639 673 3702 In
696 3641 850 3702 encliticis
873 3646 979 3702 autem
1002 3639 1134 3703 vocibus
1158 3659 1267 3703 omnes
1288 3640 1407 3703 formae

173 3742 411 3822 monosyllabae
426 3743 516 3806 verbi
534 3740 633 3807 ‘esse'
655 3749 686 3806 et
708 3762 818 3806 omnes
841 3763 933 3806 casus
955 3744 1168 3824 monosyllabi
1182 3745 1407 3827 pronominum

175 3848 206 3907 et
227 3847 496 3928 pronominalium
518 3847 740 3910 adverbiorum
768 3851 899 3930 excepto
921 3849 1108 3930 pronomine
1135 3848 1266 3912 relativo
1296 3868 1407 3912 nume-

174 3948 275 4010 randa
298 3954 381 4011 sunt.

276 4050 338 4115 His
372 4051 588 4116 fundamentis
624 4054 714 4116 iactis
752 4054 796 4116 ad
830 4053 1007 4137 singulos
1041 4074 1177 4118 versus
1212 4059 1408 4116 transeamus

175 4158 271 4237 atque
293 4156 432 4238 primum
455 4157 493 4220 de
515 4157 554 4220 iis
577 4157 760 4239 septenariis
783 4156 992 4239 disputemus,
1017 4159 1052 4219 in
1076 4158 1193 4241 quibus
1216 4158 1410 4241 synaloepha

176 4277 250 4321 oum
273 4264 426 4342 sequente
449 4279 526 4322 voce
548 4259 768 4340 monosyllaba
790 4264 846 4323 est.
