3150 5056
679 330 892 398 ,31ἐ

167 519 295 607 dixerit,
317 524 356 587 de
379 542 441 606 quo
463 523 703 607 indignaretur?
748 523 893 608 Denique
915 543 972 587 cur
999 525 1150 588 ancillae
1173 525 1265 589 domo
1290 526 1398 591 exiens

168 628 255 709 dicit,
284 647 379 711 quam
411 626 450 689 ob
480 646 547 690 rem
576 628 729 711 prodeat?
782 628 892 691 Nonne
925 647 966 691 ex
995 633 1144 711 sequente
1176 650 1287 693 vorsu:
1321 626 1399 694 ‘Sed

166 732 225 796 ubi
254 731 434 795 obsecrost?
479 731 544 794 ΡΑ.
576 730 627 795 Μθ
654 733 775 815 quaerit
800 733 884 795 haec.
928 732 996 796 PY.
1024 734 1130 816 Atque
1158 752 1266 796 eccum
1291 734 1397 797 video:

167 832 276 899 adibo'
306 835 388 898 clare
416 836 517 899 elucet
547 835 775 899 Parmenonem
805 857 823 898 a
852 835 967 916 Pythia
996 837 1143 921 quaeri?
1179 837 1287 920 (Vide,
1321 857 1400 921 quae

168 957 227 1023 ego
250 938 289 1002 de
317 939 376 1002 hac
405 957 438 1002 re
466 940 498 1001 in
525 938 716 1002 Fleckeiseni
744 960 814 1002 ann.
839 940 923 1002 1884
951 961 979 1023 p.
1004 941 1066 1002 308
1096 960 1140 1023 sq.
1170 940 1313 1024 pluribus
1344 961 1399 1004 ex-

167 1041 280 1126 posui),
309 1041 409 1105 'Mihi
443 1043 570 1125 quidem
599 1042 732 1105 dubium
767 1063 831 1107 nou
859 1048 919 1126 θεῖ,
954 1045 1032 1126 quiu
1061 1045 1111 1106 hie
1145 1063 1254 1108 versus
1292 1064 1399 1129 super-

169 1165 326 1209 vacaneus
355 1165 420 1208 non
447 1146 579 1228 Terenti,
606 1146 661 1209 sed
690 1148 918 1230 interpolatoris
948 1148 995 1210 sit.

212 1335 326 1400 Haut.
343 1333 403 1397 681
428 1332 515 1397 Dedd
531 1336 612 1417 patri
635 1354 685 1397 me
701 1336 894 1416 nunciam,
910 1340 951 1398 ut
964 1335 1116 1419 frugalior
1138 1337 1198 1399 sim
1215 1340 1310 1419 quam
1327 1338 1400 1402 volt.

275 1435 308 1500 Si
324 1435 466 1520 Clitipho,
489 1437 672 1501 adulescens
693 1438 772 1501 levis
795 1445 889 1521 atque
911 1438 1069 1521 prodigus,
1092 1439 1183 1502 cuius
1207 1441 1306 1502 amica
1322 1441 1400 1505 Bac

171 1541 237 1604 ehis
271 1545 330 1622 est,
362 1543 439 1604 haec
469 1541 564 1604 verba
596 1543 790 1624 loqueretur,
819 1542 957 1625 intellegi
988 1547 1121 1625 possent.
1171 1541 1202 1605 N
1204 1563 1266 1606 uno
1295 1550 1400 1609 autem

170 1643 288 1707 Cliniae
319 1644 510 1707 adulescenti
536 1645 620 1728 frugi
642 1650 674 1708 et
695 1647 879 1728 temperanti
910 1664 1018 1708 versus
1041 1645 1203 1727 tribuitur,
1228 1648 1283 1730 qui
1312 1667 1400 1731 prae-
1499 1647 1501 1651 ’

171 1755 254 1811 terea
285 1766 357 1811 cum
385 1750 574 1831 praegressis
605 1748 755 1830 versibus,
785 1750 819 1810 in
848 1748 963 1831 quibus
991 1747 1092 1810 Clinia
1120 1749 1236 1812 laetitia
1265 1750 1400 1834 effertur,

172 1849 257 1934 quod
281 1851 443 1934 Antiphila
466 1851 530 1914 filia
553 1851 723 1916 Chremetis
753 1853 877 1935 cognita
905 1858 958 1932 est,
988 1871 1051 1914 nou
1074 1853 1223 1916 cohaeret.
1270 1855 1400 1919 Accedit

172 1955 257 2037 quod
280 1955 312 2017 in
328 1953 400 2035 Syri
423 1955 526 2019 verbis
549 1976 629 2039 quae
652 1961 842 2040 sequuntur:
869 1952 937 2018 ‘Nil
961 1975 1012 2018 me
1033 1954 1157 2018 fefellit:
1186 1959 1309 2040 cognita
1332 1958 1401 2042 est’,

174 2058 226 2121 hie
259 2077 370 2121 versus
403 2078 467 2121 non
499 2061 671 2143 respicitur.
722 2059 867 2123 Ceterum
895 2056 1075 2122 ‘nunciam'
1107 2081 1180 2123 oum
1212 2061 1335 2142 Guyeto
1369 2069 1400 2127 et

170 2161 312 2225 Bentleio
335 2162 364 2224 h.
381 2163 398 2224 l.
422 2183 485 2227 non
508 2169 590 2226 recte
612 2157 748 2247 positum
764 2183 831 2227 esse
852 2169 938 2247 puto,
956 2162 1042 2246 qued
1065 2163 1166 2227 clucet
1187 2184 1227 2227 ex
1250 2167 1303 2246 eis,
1319 2186 1400 2249 quae

170 2262 340 2348 Langenus
367 2266 385 2328 l.
409 2266 500 2329 allato
528 2288 556 2350 p.
581 2268 642 2330 285
666 2288 710 2351 sq.
734 2268 772 2330 de
802 2288 863 2330 usu
892 2268 1060 2350 particulae
1084 2263 1264 2330 ‘nunciam'
1287 2269 1399 2348 dixit.1)

170 2367 252 2431 Nam
276 2365 458 2432 ‘nunciam'
485 2391 646 2455 sempera
674 2373 773 2455 poetis
801 2371 928 2434 comicis
955 2371 1006 2433 vel
1036 2391 1109 2433 oum
1138 2373 1321 2455 imperativo
1350 2375 1400 2438 vel

170 2491 244 2535 cum
266 2475 465 2537 coniunctivo
487 2475 547 2556 vel,
574 2476 607 2538 id
629 2476 714 2558 quod
741 2476 936 2538 rarissimum
960 2480 1015 2556 est,
1037 2495 1110 2538 cum
1132 2475 1238 2538 futuro
1261 2482 1398 2560 tempore

173 2577 322 2659 coniungi
359 2578 452 2655 solet,
489 2598 661 2661 numquam
700 2599 771 2641 eum
809 2580 964 2662 praesenti
1001 2585 1145 2662 tempore.
1203 2577 1326 2653 Quibus
1361 2581 1399 2644 de

171 2680 273 2742 causis
301 2679 389 2742 hunc
414 2698 542 2742 versum
568 2680 692 2744 Terenti
720 2701 786 2745 esse
813 2699 900 2764 nego.

212 2878 303 2943 Hec.
327 2877 387 2938 267
405 2897 449 2959 sq.
486 2876 563 2958 Eho,
586 2878 742 2961 numquid
766 2897 839 2940 uam
861 2880 987 2940 accusat
1000 2877 1127 2940 virum?
1154 2877 1221 2940 PH.
1245 2877 1400 2940 Miuume:

984 3001 1058 3044 nam
1084 2980 1260 3064 [postquam
1283 2979 1402 3043 attendi

213 3081 313 3166 Magis
345 3087 377 3147 et
403 3085 435 3146 vi
464 3085 552 3167 coepi
586 3086 720 3165 eogere
749 3088 788 3145 ut
816 3082 950 3165 rediret]
980 3089 1086 3146 sancte
1117 3083 1240 3146 adiurat

214 3184 286 3250 Non
316 3191 407 3270 posse
435 3187 517 3271 apud
545 3207 601 3250 vos
630 3186 793 3270 Pemphilo
822 3206 855 3250 se
882 3187 1008 3250 absente
1036 3187 1214 3270 perdurare.

272 3291 417 3354 Primum
451 3290 664 3374 quaerendum
698 3295 758 3372 θεῖ,
796 3291 872 3374 quid
908 3291 968 3353 hoe
1004 3291 1071 3353 leco
1105 3287 1255 3353 ‘attendi'
1293 3292 1400 3352 valeat.

172 3392 326 3458 Omnibus
363 3395 439 3457 locis
472 3391 649 3458 ‘attendere
688 3392 879 3477 (animum)’
916 3400 962 3457 est
997 3399 1140 3457 nostrum
1174 3391 1400 3457 ‘aufmerhsam

170 3496 303 3580 achten',
326 3518 406 3582 quae
436 3498 619 3581 significatio
650 3500 682 3560 in
707 3499 765 3560 hoc
789 3518 883 3561 versu
911 3518 1006 3561 sensu
1028 3503 1119 3561 earet.
1164 3497 1230 3560 lam
1259 3496 1401 3560 Donatus

171 3601 340 3684 nesciebat,
369 3622 431 3685 qua
458 3604 578 3665 ratione
607 3603 666 3666 hoc
699 3602 831 3665 verbum
859 3603 1128 3685 interpretaretur,
1156 3621 1230 3663 nam
1259 3601 1397 3663 adnotat:

275 3793 295 3860 ¹)
314 3792 445 3862 Langeno,
469 3791 514 3860 qui
537 3791 554 3842 l.
579 3806 601 3843 a.
626 3808 649 3858 p.
675 3791 726 3844 288
754 3791 894 3844 discrimen
917 3791 985 3843 inter
1007 3787 1166 3858 ‘nunciam',
1191 3786 1294 3856 (Μεθ’,
1317 3785 1401 3841 ‘nunc

168 3878 246 3950 iam',
273 3878 341 3934 ‘iam
369 3877 446 3933 nunc‘
477 3879 642 3932 intercedens
674 3896 689 3933 a
715 3880 834 3933 Terentio
862 3879 1001 3949 diligenter
1028 3880 1196 3932 obseruatum
1224 3893 1281 3931 esse
1308 3879 1401 3946 negat,

168 3986 218 4023 non
239 3969 373 4024 assentior.
410 3968 481 4022 Nam
499 3969 564 4021 Eun.
585 3968 634 4021 561
655 3984 716 4020 cum
735 3969 837 4037 Guyoto
864 3971 890 4021 et
906 3968 1026 4021 Bentleio
1048 3968 1216 4020 scribendum
1236 3982 1293 4018 θεεθ
1311 3965 1401 4018 existi-

167 4074 224 4112 mo:
249 4058 335 4112 Nemo
354 4057 497 4112 oninirunst
515 4073 594 4125 quom
612 4073 660 4125 ego
678 4054 748 4109 nunc
771 4057 855 4126 magis
877 4055 1001 4124 cuperem
1019 4056 1109 4108 vidore
1127 4056 1205 4124 quam
1229 4056 1262 4106 te.
1300 4052 1357 4106 Nec
1375 4053 1402 4105 in

167 4146 217 4200 hoe
242 4163 323 4200 versu
350 4147 399 4199 Ad.
426 4146 492 4199 884:
521 4143 587 4199 ‘iam
612 4162 682 4197 nunc
709 4145 776 4197 haec
802 4145 853 4197 tria
879 4144 994 4212 primum
1022 4144 1111 4197 addidi
1138 4145 1242 4210 praeter
1264 4138 1399 4195 naturam'

168 4237 208 4288 est
231 4231 299 4289 ‘iam
317 4232 395 4287 nunc'
411 4252 458 4303 pro
470 4230 611 4287 ‘nunciam’
631 4233 752 4301 positmrr.
784 4232 854 4286 Nam
871 4233 1097 4300 iatequetandum
1116 4234 1169 4284 est:
1188 4231 1294 4284 schon
1308 4230 1401 4298 jetzt

168 4324 237 4378 habe
255 4324 300 4377 ioh
319 4324 390 4376 diese
409 4324 466 4376 droi
483 4323 663 4375 Redeusarten
688 4338 771 4390 gegon
789 4321 875 4374 moine
893 4321 979 4374 Natur
996 4319 1176 4388 hinzugofiigt,
1194 4318 1222 4370 id
1245 4320 1298 4372 est:
1323 4321 1400 4386 puta-

167 4411 230 4466 bam
255 4413 374 4466 futurum
399 4428 456 4465 esse
480 4418 511 4464 ut
534 4411 561 4463 id
585 4410 669 4463 multo
691 4410 775 4463 serius
794 4410 929 4463 discerem.
966 4409 1076 4475 Exque
1100 4409 1208 4475 apparet
1233 4407 1312 4459 etiam
1336 4407 1361 4458 h.
1381 4406 1398 4458 l.

168 4496 236 4554 ‘iam
259 4497 347 4568 nunc’,
372 4500 442 4568 quod
466 4500 500 4552 ad
525 4499 652 4566 futurum,
678 4515 730 4552 non
755 4498 788 4551 ad
813 4496 984 4565 praeteritum
1007 4496 1112 4563 tempus
1138 4495 1268 4549 referatur
1292 4509 1400 4546 necesse

168 4590 216 4659 θεῖ,
237 4588 383 4642 rectissime
408 4603 436 4641 se
461 4587 567 4640 habere.
