3150 5056
687 271 877 332 ..6.-

274 469 376 547 Atque
413 468 448 526 ut
487 459 723 525 similitudinem
760 460 902 541 afferam,
938 462 1009 545 quis
1051 465 1097 524 θεῖ
1140 462 1195 545 qui
1237 462 1272 524 in
1307 480 1404 525 versu

172 568 308 651 elegiaco
334 571 535 650 pentametm,
563 564 618 647 qni
640 583 657 626 e
680 562 804 626 duobus
831 563 994 626 ordinibus
1020 563 1182 645 dactylicis
1211 566 1404 648 compositus

172 675 226 752 θεῖ,
256 674 378 753 praeter
408 669 578 752 legitimam
608 686 770 730 caesuram
802 685 881 750 qnae
912 672 959 730 θεῖ
988 673 1058 751 post
1086 669 1220 751 priorem
1251 667 1407 750 ordinem,

173 774 312 857 aliquam
349 773 564 837 secundariam
598 790 758 834 caesuram
792 773 886 835 statui
922 791 1012 854 posse
1038 771 1166 835 eredat?
1203 769 1403 855 Quamquam
1496 777 1499 783 '

171 881 364 962 pentameter
391 895 431 940 ne
458 878 491 938 in
518 876 701 957 asynartetis
725 875 852 959 quidem
879 875 1092 939 numerandus
1120 881 1174 956 est,
1203 881 1238 938 ut
1259 875 1404 963 licentiae

171 981 230 1062 illi,
264 999 344 1064 quae
377 981 502 1065 propria
533 984 782 1061 asynartetorum
816 984 875 1061 θεῖ,
908 979 1007 1042 hiatui
1040 985 1071 1042 θῖ
1103 978 1240 1059 syllabae
1274 980 1403 1062 ancipiti

171 1084 259 1147 loeus
289 1102 350 1146 non
380 1081 576 1146 concedatur.
623 1083 672 1144 An
701 1083 869 1165 quisquam
898 1088 987 1166 putat
1014 1102 1033 1145 a
1060 1083 1179 1145 ratione
1207 1083 1403 1165 pentametri,

173 1188 228 1270 qui
250 1192 447 1268 asynartetus
470 1205 532 1249 non
554 1190 608 1267 θεῖ,
631 1185 848 1248 secundariam
870 1205 1029 1248 caesuram
1053 1186 1218 1270 repudiari,
1234 1206 1252 1248 a
1266 1186 1402 1249 iambico

171 1291 354 1374 septenario,
377 1291 432 1373 qui
454 1292 650 1370 asynartetus
672 1294 727 1370 θεῖ,
749 1308 812 1352 non
835 1287 1016 1372 repudiari?

273 1399 378 1478 Longe
411 1394 534 1457 diversa
570 1398 617 1456 θεῖ
649 1394 727 1456 ratio
763 1391 969 1455 iambicorum
1003 1394 1250 1476 septenariorum
1284 1393 1403 1457 Grae-

171 1517 314 1579 corum,
344 1497 408 1581 qui,
438 1516 627 1580 quamquam
659 1497 752 1559 etiam
783 1496 866 1580 apud
899 1515 952 1559 eos
982 1515 1111 1559 caesura
1140 1497 1172 1559 in
1203 1496 1266 1560 fine
1298 1498 1402 1580 quarti
1519 1499 1528 1513 “

172 1600 260 1685 pedis
282 1605 337 1681 θεῖ,
365 1605 469 1664 tamen
498 1604 692 1681 asynartetos
721 1601 912 1684 septenarios
939 1618 1006 1663 esse
1028 1601 1207 1682 noluerunt,
1232 1607 1268 1664 ut
1297 1620 1360 1664 non
1384 1620 1401 1664 e

172 1702 294 1767 duabus
326 1705 475 1767 seiunctis
503 1703 644 1787 partibus
675 1704 742 1767 sine
770 1705 836 1767 ulla
866 1705 1098 1767 continuatione
1129 1705 1266 1786 numeri,
1296 1704 1351 1767 sed
1384 1724 1403 1769 θ

172 1812 320 1891 quattuor
343 1806 475 1884 dipodiis
497 1812 661 1870 constaret.
702 1806 898 1872 Documento
922 1813 968 1871 est
990 1807 1077 1890 illud,
1100 1808 1185 1892 quod
1209 1791 1400 1872 Graecorum

169 1916 278 1994 po'etae
308 1911 496 1975 solutionem
527 1912 558 1973 in
590 1916 700 1995 quarto
729 1910 816 1996 pede,
846 1913 922 1995 quin
953 1913 1046 1975 etiam
1076 1913 1109 1974 in
1138 1913 1196 1976 hac
1226 1912 1300 1976 sede
1327 1933 1402 1977 ana-

171 2020 276 2099 paesto
303 2015 406 2078 locum
434 2021 655 2079 concesserunt
677 2015 772 2098 (Vide
795 2014 904 2080 Christ
928 2015 1032 2080 Μθῖῖ.2
1053 2037 1081 2101 p.
1106 2017 1189 2098 340).
1213 2015 1301 2093 Quae
1327 2037 1401 2080 cum

171 2120 214 2182 ita
236 2119 307 2196 sint,
329 2138 392 2181 non
416 2124 462 2182 est
484 2120 609 2199 mirum,
637 2119 722 2203 quod
745 2118 855 2182 Graeci
884 2120 997 2183 usitata
1023 2120 1076 2183 illa
1103 2139 1232 2184 caesura
1259 2122 1401 2204 neglecta

171 2222 387 2287 secundariam
410 2241 571 2286 caesuram
593 2229 663 2306 post
684 2224 849 2286 anacrusin
873 2225 976 2306 quinti
997 2223 1085 2308 pedis
1107 2224 1309 2288 admiserunt.

272 2325 333 2389 His
350 2325 455 2390 'rebus
483 2328 633 2409 expositis
662 2327 858 2410 undeviginti
880 2328 951 2391 illos
974 2347 1097 2409 versus,
1128 2329 1160 2390 in
1189 2327 1305 2412 quibus
1332 2349 1400 2393 oae-

172 2451 246 2495 sura
269 2432 424 2494 trochaica
456 2448 536 2513 quae
575 2429 690 2493 dicitur
722 2431 895 2510 invenitur,
932 2451 1017 2494 nunc
1050 2450 1271 2496 enumeremus
1304 2437 1398 2517 atque

172 2534 352 2618 diligentius
383 2535 608 2597 examinemus.

211 2724 365 2789 Phorm.
383 2723 400 2784 7
404 2723 444 2785 59
462 2721 606 2797 Quocum
623 2721 764 2784 volebam
788 2727 819 2786 et
840 2727 877 2786 nt
891 2722 1034 2786 volebam
1050 2724 1241 2787 cdnlocatam
1264 2729 1398 2809 gnatam.

276 2844 327 2908 Sic
350 2845 540 2928 scripserunt
562 2842 791 2926 Fleckeisen11S‚
813 2844 1090 2928 UnipienbachiuS,
1112 2844 1269 2910 Dniatzlm.
1303 2848 1397 2912 Bent-

170 2948 251 3011 leius
273 2950 347 3011 item
370 2949 437 3010 sine
459 2947 605 3011 diaeresi:

214 3050 348 3126 Quicum
373 3050 513 3114 volebam
538 3056 631 3135 atque
655 3056 690 3115 dt
712 3052 854 3117 volebam
875 3054 973 3118 filiam
995 3056 1135 3119 locatam,

271 3153 373 3218 Locus
407 3155 439 3216 in
476 3153 564 3218 libris
597 3175 693 3218 manu
730 3157 852 3240 scriptis
885 3165 1051 3242 corruptus
1083 3164 1136 3223 est.
1193 3161 1222 3222 A
1256 3159 1396 3243 praebet:

171 3257 362 3320 conlocatam
406 3260 512 3340 riniani,
549 3258 671 3323 codices
712 3263 901 3325 recensionis
939 3260 1159 3346 Calliopianae:
1206 3265 1396 3328 conlocatam

169 3358 273 3422 filiam.
315 3357 482 3424 ‘Gnatam’
504 3367 550 3425 est
573 3361 683 3425 Faerni
710 3365 896 3428 coniectura.
941 3368 982 3429 At
1011 3365 1323 3430 animadvertendum
1352 3375 1398 3432 est

168 3462 346 3526 Terentium
381 3485 537 3549 nusquam
571 3466 645 3529 alibi
679 3467 774 3531 verbo
813 3470 982 3552 composito
1016 3470 1187 3533 collocandi
1220 3472 1264 3535 ita
1303 3492 1397 3536 usum

168 3584 245 3646 θεεθ,
278 3572 314 3629 ut
346 3567 533 3651 significaret
570 3575 704 3653 nuptum
739 3571 821 3653 dare,
855 3572 909 3634 sed
942 3591 1064 3655 semper
1097 3572 1228 3637 verbum
1262 3576 1396 3660 simplex

167 3668 290 3731 locandi
314 3672 522 3753 usurpavisse,
543 3678 580 3734 ut
602 3672 728 3736 Phorm.
753 3675 827 3737 752:
852 3670 999 3758 ‘nuptum
1023 3677 1177 3760 virginem
1201 3678 1300 3741 locavi
1322 3680 1396 3743 huic

166 3771 380 3855 adulescenti’,
410 3773 449 3838 ib.
473 3774 535 3837 645
565 3796 625 3859 sq:
657 3773 746 3860 ‘quid
779 3778 805 3840 si
833 3777 930 3841 filiam
961 3778 1056 3844 Suam
1089 3783 1214 3844 unicam
1243 3782 1398 3848 locareti'

166 3872 323 3958 Equidem
345 3876 544 3941 scribendum
567 3899 723 3963 propono:

211 3976 346 4054 Quicum
369 3980 511 4043 volebam
535 3980 632 4044 filiam
654 3984 788 4048 locttam
811 3992 841 4050 et
863 3991 899 4050 ut
920 3988 1072 4052 volebam.

208 4167 362 4233 Phorm.
389 4168 449 4232 770
469 4167 512 4232 Ut
534 4174 575 4232 sit
590 4172 645 4253 qui
667 4173 761 4253 vivat,
784 4172 860 4236 dum
883 4175 967 4238 aliud
983 4176 1103 4259 aliquid
1124 4176 1222 4261 flagiti
1244 4179 1396 4247 conficiat.

266 4283 373 4351 ‘Aliud
401 4287 534 4373 aliquid'
562 4291 711 4373 praebent
739 4294 768 4355 A
797 4299 828 4357 et
855 4293 997 4359 Donatus
1024 4299 1056 4359 in
1085 4298 1239 4382 lemmate,
1258 4297 1395 4385 ‘aliquid

168 4386 267 4453 aliud’
288 4389 315 4453 B
339 4389 363 4453 Ο
384 4390 411 4454 Ε
434 4391 469 4474 Ρ,
493 4393 520 4456 G
545 4391 660 4457 ‘aliud'
683 4397 794 4459 omisit.
840 4397 899 4461 Vel
925 4418 965 4461 ex
993 4419 1038 4482 cc,
1062 4402 1145 4485 quod
1168 4403 1241 4466 libri
1266 4423 1338 4467 mss
1361 4406 1394 4468 in

172 4491 229 4559 hae
249 4492 383 4563 formida
404 4495 486 4565 inter
508 4515 540 4566 se
567 4496 874 4588 disertanaeda
899 4500 1091 4588 intellegitur
1112 4506 1224 4570 vitium
1247 4508 1395 4576 orationis
