3150 5056
626 335 840 405 ¹.-17'..

33 561 35 565 ’
110 524 154 595 Et
182 527 321 615 profecto
353 528 444 614 signa
470 529 723 614 interpolationis
750 533 785 594 in
814 533 863 595 his
893 533 1003 615 primis
1033 528 1139 597 verbis
1169 539 1233 598 tam
1263 529 1346 598 clare

112 653 263 718 expressa
285 638 369 716 sunt,
392 653 557 717 compages
580 640 611 698 et
633 635 842 698 commissura
864 641 929 698 tam
950 637 1042 700 hians
1065 644 1120 719 est,
1143 642 1180 702 ut
1201 639 1253 702 vel
1275 638 1346 702 hac

112 757 193 801 una
220 757 260 801 re
290 737 526 801 demonstretur
552 758 570 801 a
591 738 697 801 verbis
722 734 826 801 ‘Dum
852 739 930 802 haec
957 759 1084 803 mecum
1110 738 1237 824 reputo²
1265 760 1346 824 opus

112 842 347 926 interpolatoris
369 843 515 925 incipere.
623 859 625 867 ’

214 944 334 1008 Mirum
355 965 431 1008 vero
454 950 544 1027 11111,
568 947 595 1008 11
617 946 774 1009 hanctan
731 952 840 1010 11111111
862 952 1042 1030 repugnant
1041 949 1105 1010 iarn
1132 948 1196 1012 edit
1184 954 1267 1013 tores
1290 953 1346 1012 aut

110 1051 264 1133 intterpre
265 1069 297 1113 es
331 1068 398 1111 non
432 995 736 1113 animadvertissent
791 1049 834 1114 Et
821 1057 943 1114 tsane
972 1050 1152 1218 Bentleiust,
1186 1054 1237 1116 vir
1270 1071 1345 1116 acu-

111 1155 263 1234 tissimus,
294 1153 371 1216 haec
404 1152 550 1217 adnotat:
597 1150 701 1218 ί1111111
731 1150 823 1218 ‘feci'
849 1157 994 1238 ineptum
1027 1159 1082 1236 est,
1182 1155 1346 1220 11111111

110 1255 199 1319 vidit.
243 1255 332 1319 Nihil
360 1257 446 1319 enim
473 1260 543 1319 tum
570 1257 693 1338 fecerat,
720 1257 775 1320 sed
804 1257 866 1321 fact
853 1262 963 1321 turum
992 1277 1025 1320 se
1056 1276 1124 1320 esse
1113 1161 1249 1341 ureput
1236 1257 1345 1322 ttaba.

112 1357 217 1434 Quare
246 1358 394 1423 audacter
423 1359 525 1423 deleta
554 1357 736 1424 voculat
711 1358 769 1423 ita'
797 1361 920 1424 scribit:
966 1357 1051 1444 ‘Ego
1083 1361 1253 1425 homuncio
1284 1363 1345 1426 hoc

110 1482 176 1525 non
202 1462 396 1526 fecerim?
427 1482 484 1546 ego
511 1483 586 1526 vero
609 1463 691 1526 illud
717 1463 884 1527 fecerim
912 1483 948 1527 ac
977 1462 1111 1527 lubens?
1157 1462 1260 1540 Quam
1284 1467 1346 1528 viri

108 1567 356 1649 ingeniosissimi
378 1568 601 1648 coniecturam,
625 1587 819 1651 quamquam
833 1567 1047 1632 Ruhnkenius
1069 1569 1104 1630 in
1129 1567 1253 1631 dictatis
1277 1570 1345 1632 suis
1430 1572 1431 1577 ’

110 1689 179 1733 eam
204 1665 659 1752 ῑ111111111111111111111111,
682 1671 829 1754 equidem
857 1672 958 1735 audeo
982 1672 1085 1735 dicere
1114 1672 1192 1735 mihi
1213 1693 1344 1756 prorsus

110 1793 177 1836 non
204 1774 338 1857 probari.
388 1773 483 1856 Nam,
514 1779 550 1837 ut
579 1779 770 1857 praeteream
803 1774 987 1838 Bentleium
1016 1796 1034 1838 1
1065 1776 1217 1838 memoria
1249 1775 1345 1838 libro·

110 1897 184 1939 rum
220 1877 348 1960 longius
386 1877 547 1958 recedere
583 1896 640 1960 per
672 1878 810 1940 rationes
847 1879 1066 1962 grammaticas
1102 1879 1147 1940 ita
1180 1877 1243 1940 dici
1279 1897 1345 1940 non

108 1981 191 2044 licet
242 1979 369 2043 Etenim
397 1980 468 2044 Ben
470 1981 577 2063 1111111,
608 1982 636 2044 11
664 1981 724 2043 hoc
756 1980 826 2045 loco
857 1983 1100 2045 coniunctivum
1131 1980 1345 2044 dubitativum

109 2103 227 2167 ponere
249 2084 445 2166 11111111-
470 2084 526 2147 alit
513 2089 561 2147 ter
589 2086 725 2147 autem
717 2085 860 2168 intellegi
880 2085 963 2148 illud
989 2087 1079 2169 prins
1098 2081 1258 2148 ‘fecerim'
1278 2104 1345 2147 non

109 2192 165 2271 pot
166 2192 284 2251 est-
244 2134 449 2251 —scrilrere
479 2187 627 2251 debebat:
670 2184 818 2270 ί11111111,
848 2188 935 2272 quod
962 2190 1187 2252 coniunctivus
1215 2189 1345 2272 perfecti

108 2291 144 2353 in
185 2292 432 2374 interrogatione
470 2290 595 2354 dubitat
550 2292 648 2354 tativa
690 2293 839 2374 usurpari
879 2312 945 2355 non
982 2292 1069 2356 solet
1130 2292 1204 2355 Non
1246 2293 1345 2376 igitur

109 2394 291 2457 mirandum
320 2394 493 2477 estquod
524 2414 617 2458 nemo
648 2397 860 2479 posteriorum
893 2395 956 2459 edit
944 2402 1050 2460 torum
1079 2396 1262 2460 Bentleium
1296 2413 1343 2458 se-

110 2503 206 2562 cutus
240 2503 294 2561 est
274 2444 436 2561 tlllud
470 2518 546 2562 vero
580 2504 703 2562 certum
736 2504 783 2562 est
815 2500 922 2562 virum
955 2501 1195 2583 sagacissimum
1228 2499 1343 2562 disere

109 2603 249 2687 partiam
279 2603 658 2686 repugnantiamquein
623 2607 707 2665 mter
732 2598 877 2685 131-
907 2599 1041 2666 feci’t
1010 2609 1041 2666 et
1069 2608 1153 2666 mter
1180 2599 1275 2664 dum
1302 2640 1343 2649 —
1373 2654 1375 2658 ,

108 2702 237 2789 reputo
259 2724 327 2769 esse
350 2725 508 2768 summam
531 2707 668 2769 sensisse
691 2711 721 2769 et
743 2707 968 2769 coniecturist
955 2707 1065 2769 tollere
1088 2705 1257 2769 studuisse.

212 2809 313 2871 Aliud
345 2808 533 2890 remedium,
571 2829 634 2892 quo
668 2812 730 2872 ista
764 2810 974 2893 repugnantia
1009 2828 1122 2872 versus
1154 2809 1280 2872 Terenti
1312 2813 1342 2872 et

108 2932 222 2976 versus
253 2913 436 2996 posterioris
468 2917 579 2996 poetae
612 2917 840 2993 removeretur,
870 2911 905 2975 (1.
927 2911 1109 2996 Wagnerus
1142 2912 1342 2996 excogitavit,

110 3016 168 3099 qui
192 3017 227 3078 in
249 3016 375 3079 Terenti
403 3015 540 3079 editione
566 3036 625 3078 sua
651 3016 775 3099 anglica
800 3016 878 3078 haec
905 3015 1046 3078 adnotat:
1082 3013 1235 3079 ‘Chaerea
1261 3016 1341 3078 anti-

109 3119 251 3202 cipitates
278 3119 354 3182 here
376 3119 425 3181 his
453 3117 650 3201 subsequent
678 3115 823 3181 success?
865 3119 910 3181 At
931 3119 1026 3181 talem
1051 3119 1342 3202 interpretationem

108 3242 176 3285 non
193 3242 274 3286 ‚esse
300 3221 496 3305 probandam
525 3226 670 3304 nonest,
698 3221 785 3305 quod
811 3220 958 3304 pluribus
990 3221 1099 3285 dicam.
1150 3221 1237 3284 Illud
1266 3239 1341 3284 vero

108 3326 318 3410 premendum
346 3332 394 3389 est
419 3324 616 3409 Wagnerum
647 3343 784 3408 quoque,
815 3344 914 3407 aeque
944 3344 981 3387 ac
1007 3323 1198 3406 Bentleium,
1226 3324 1341 3386 discre-
1438 3359 1441 3363 ·

108 3431 250 3514 pantiam
272 3429 411 3493 duorum
431 3431 567 3492 istorum
589 3447 751 3510 versumn,
774 3447 855 3511 quae
877 3430 987 3512 negari
1008 3428 1099 3491 nullo
1121 3426 1215 3490 modo
1230 3430 1340 3510 potest,

109 3533 228 3597 vidisse
250 3539 346 3617 atque
368 3535 397 3597 ei
420 3533 646 3616 qualicumque
667 3532 895 3616 interpretandi
915 3533 1037 3595 ratione
1058 3530 1178 3594 mederi
1192 3531 1340 3593 voluisse.

109 3637 269 3721 Equidem
299 3636 456 3700 contendo
489 3637 717 3720 repugnantiae
750 3636 844 3698 istius
874 3634 1075 3699 difficultates
1110 3653 1176 3697 non
1206 3652 1274 3696 esse
1304 3651 1340 3697 eo

110 3740 332 3825 expediendas,
360 3739 446 3824 quod
476 3759 589 3802 versus
619 3739 752 3802 ultimus
779 3739 904 3802 Terenti
934 3739 973 3821 (v.
1004 3737 1087 3820 591),
1111 3738 1168 3820 qui
1194 3741 1278 3800 11111
1307 3755 1341 3800 11

108 3844 212 3926 habet,
253 3845 443 3907 coniecturis
485 3847 623 3905 vexatur
623 3840 799 3906 Solum
837 3841 1012 3905 remedium
1052 3842 1087 3903 in
1124 3860 1160 3904 eo
1202 3841 1342 3924 positum

109 3893 238 4011 videtin
267 3966 343 4029 esse,
375 3946 461 4030 quod
490 3965 603 4010 versus
634 3952 769 4028 sequent
770 3965 803 4009 es
834 3945 1034 4008 111111111111
999 3945 1168 4028 interpolat
1137 3944 1244 4025 aeris,
1274 3963 1342 4005 non

108 4051 235 4115 Terenti
258 4070 326 4115 esse
349 4049 666 4113 existimandumt
619 4054 673 4112 est.

212 4152 369 4237 Deinceps
406 4153 585 4234 videamus,
629 4152 755 4235 qualis
793 4153 844 4214 sit
885 4153 1069 4234 narratio,
1108 4169 1205 4233 quam
1246 4146 1342 4212 finxit

110 4257 324 4341 interpolator.

215 4360 265 4423 Ac
286 4361 426 4444 primum
441 4358 681 4422 dicendumt
634 4363 681 4422 est
703 4377 777 4420 eum
798 4358 880 4421 illud
896 4358 956 4422 sibi
979 4357 1116 4421 maxime
1130 4356 1342 4439 proposuisse,

111 4469 149 4527 ut
181 4464 394 4526 narrationem
423 4482 520 4545 quam
548 4462 733 4544 longissime
762 4461 1011 4544 produceretet
981 4460 1166 4524 etlectoris
1199 4459 1343 4521 animum

112 4568 179 4631 exit
179 4587 219 4631 us
254 4566 488 4649 exspectatione
525 4565 665 4648 erigeret
718 4564 832 4648 Neque
866 4564 951 4627 enim
981 4569 1029 4627 est
1062 4562 1209 4643 dubium,
1241 4561 1342 4644 quin

1138 4679 1156 4731 2
