3150 5056
762 867 809 937 Π.

408 1070 464 1150 DE
493 1069 623 1150 ΗΙΑΤΙΙ
655 1069 708 1148 ΕΤ
737 1063 1164 1149 emmanuelem.

271 1274 368 1358 Apud
397 1274 547 1338 Plautum
577 1273 681 1336 hiatus
710 1277 740 1336 et
768 1271 907 1354 syllabae
935 1271 1079 1353 ancipitis
1106 1275 1153 1333 tct
1179 1270 1323 1352 exempla
1350 1269 1398 1331 in·

169 1379 357 1458 veniuntur,
391 1383 428 1440 ut
456 1377 593 1440 dubitari
625 1396 690 1439 nen
723 1378 835 1460 pessit,
867 1377 946 1459 quin
978 1382 1153 1457 utrumque
1181 1395 1199 1436 a
1225 1377 1318 1456 poeta
1345 1371 1399 1434 ad-

169 1483 304 1544 missum
341 1483 389 1543 sit.
440 1479 486 1544 Ut
521 1481 556 1542 in
589 1479 690 1543 Milite
726 1481 810 1543 inter
846 1484 992 1562 septenes
1028 1478 1093 1541 fere
1129 1496 1242 1540 versus
1280 1475 1400 1559 singuli

168 1585 285 1647 habent
321 1584 443 1647 hiatum
477 1584 528 1646 vel
566 1583 720 1664 syllabam
757 1584 925 1667 ancipitem
961 1581 1135 1665 cademque
1166 1581 1246 1643 ratic
1281 1584 1329 1642 cst
1364 1580 1399 1641 in

168 1689 301 1772 reliquis
330 1687 499 1751 cemoediis
533 1688 575 1769 (y.
604 1686 704 1751 Mchr.
732 1688 752 1750 1.
776 1706 800 1749 c.
828 1708 856 1770 p.
880 1688 921 1769 8).
959 1685 1042 1747 Vide
1071 1686 1164 1747 etiam
1196 1703 1249 1746 ecs
1276 1703 1399 1763 versus,

170 1791 256 1875 quod
284 1792 456 1855 Hermann.
487 1791 575 1854 elem.
603 1811 632 1874 p.
656 1791 717 1854 149
748 1811 789 1853 ex
817 1791 966 1853 Asinaria
995 1789 1045 1850 ΙΙΙ
1069 1791 1096 1870 3,
1120 1788 1158 1850 61
1183 1793 1264 1850 etr.
1289 1789 1330 1850 84
1353 1808 1399 1870 sq.

168 1896 283 1959 attulit.
340 1893 425 1970 Quin
457 1896 550 1957 etiam
584 1895 689 1958 hiatus
723 1900 754 1959 et
787 1894 910 1976 syllaba
942 1912 1056 1976 anceps
1089 1893 1123 1954 in
1157 1890 1267 1954 ecdem
1302 1910 1398 1954 versu

168 2000 339 2061 coniuncta
365 2000 490 2082 saepius
516 2000 734 2062 inveniuntur.

269 2184 385 2248 Rarius
407 2187 513 2249 hiatus
537 2191 567 2249 et
590 2185 712 2267 syllaba
734 2206 849 2270 anceps
872 2185 975 2269 apud
997 2185 1224 2247 Terentium
1246 2204 1264 2245 a
1285 2181 1400 2245 cedici-

167 2289 229 2351 bns
249 2288 432 2372 preditunl)
476 2289 660 2372 Utrumque
681 2290 860 2352 invenitur:

210 2395 301 2458 Hec.
325 2394 386 2455 830
417 2392 502 2456 Eum
531 2394 608 2457 haee
638 2395 787 2477 cognovit
816 2392 983 2476 My‘rrhina
1010 2391 1013 2474 l
1040 2393 1074 2454 in
1101 2390 1198 2474 digito
1225 2389 1319 2453 mede
1348 2409 1399 2453 me

1255 2492 1398 2556 habente.

211 2636 326 2699 Haut.
350 2633 367 2694 7
372 2635 412 2696 39
435 2632 542 2710 Quid?
568 2633 580 2720 ll
604 2635 878 2699 Trenseundunrst
902 2637 991 2696 nime
1013 2633 1071 2695 tibi
1090 2631 1094 2715 l
1114 2632 1153 2695 ad
1175 2631 1399 2695 Menedemum

1147 2740 1178 2800 et
1199 2742 1256 2799 tua
1276 2738 1398 2819 pempa.

274 2855 403 2938 Syllaba
425 2877 540 2943 anceps
562 2861 666 2922 estin
688 2861 737 2923 his
760 2858 922 2923 versibus:

212 2962 306 3026 Eun.
331 2961 392 3022 265
414 2960 519 3024 Viden
543 2963 644 3026 etium
666 2968 697 3026 et
719 2964 809 3028 cibus
838 2962 915 3046 quid
938 2962 1012 3025 facit
1039 2962 1184 3026 alienus?
1210 2960 1222 3045 ll
1252 2960 1314 3024 Sed
1342 2980 1399 3044 ego

1301 3067 1398 3128 cesse.

212 3169 265 3233 Ib.
290 3168 373 3230 1014
398 3168 607 3252 Adulescens,
629 3173 664 3232 ni
691 3172 842 3233 miserum
866 3172 996 3253 insuper
1017 3170 1112 3232 etiem
1139 3170 1221 3252 patri
1241 3168 1400 3231 indideris.

212 3343 265 3407 Ib.
291 3342 372 3405 1023
405 3342 525 3408 Nulh'rs
554 3364 633 3408 sum.
667 3342 679 3429 ll
709 3344 773 3408 Hic
805 3365 861 3428 pre
891 3345 946 3407 illc
980 3347 1112 3407 mimere
1140 3342 1198 3406 tibi
1224 3343 1325 3406 henes
1354 3348 1401 3406 est

1143 3446 1284 3511 habitus:
1315 3446 1400 3510 eben.

216 3585 331 3649 Haut.
356 3585 417 3646 724
449 3583 568 3649 Decem
601 3588 703 3649 minas
734 3608 813 3670 quas
843 3587 921 3649 mihi
950 3586 1024 3649 dare
1055 3587 1231 3669 pellicitus,
1260 3586 1346 3670 qued
1373 3587 1401 3649 si

1182 3691 1209 3753 is
1231 3695 1320 3754 minc
1341 3709 1399 3753 me.

274 3791 441 3854 Accedunt
464 3793 557 3854 etiam
584 3792 617 3856 hi
638 3813 760 3875 versus,
789 3795 816 3857 si
837 3796 1015 3858 accuratius
1037 3796 1072 3857 in
1096 3814 1149 3858 ees
1175 3794 1397 3877 inquisiveris:

278 3983 298 4049 ¹)
327 3981 413 4047 Quare
445 3980 615 4034 Hermannus
642 3980 718 4034 elem.
751 4000 775 4050 p.
802 3983 865 4037 150:
899 3983 963 4052 Etsi,
994 3983 1092 4052 inquit,
1124 3982 1201 4035 facile
1233 3981 1400 4051 crediderim,

171 4069 321 4122 Terentium
340 4069 444 4138 parcius
462 4070 513 4122 hac
536 4068 642 4122 hccntia
660 4085 739 4122 usum
758 4087 822 4123 esse.
860 4071 897 4125 ef.
917 4072 945 4124 P.
964 4071 1042 4125 Mehr
1059 4089 1083 4139 p.
1104 4071 1131 4126 6:
1154 4071 1289 4124 Terentius
1307 4087 1400 4140 quam-

171 4174 253 4225 quam
275 4175 308 4210 ne
330 4158 374 4210 hic
398 4158 504 4226 quidem
526 4173 632 4225 pr01sus
655 4159 746 4212 reiecit
770 4161 948 4228 asynartetam
969 4175 1096 4211 versuum
1118 4160 1213 4213 horum
1235 4161 1355 4227 formam,
1375 4163 1402 4213 at

170 4245 276 4312 parcius
299 4251 388 4299 tamen
414 4247 493 4298 istam
517 4245 622 4298 admisit
645 4246 786 4300 licentiam.
829 4247 984 4300 Conradtius
1005 4246 1022 4299 1.
1048 4265 1069 4300 c.
1093 4265 1116 4315 p.
1142 4248 1175 4301 28
1200 4267 1224 4301 n.
1248 4249 1352 4302 hiatum
1375 4252 1402 4301 et

171 4332 304 4400 syllabam
333 4335 472 4402 ancipitem
497 4351 513 4388 a
534 4335 653 4388 Terentio
678 4336 794 4388 admissa
820 4352 877 4388 esse
900 4339 990 4405 negat,
1014 4352 1075 4388 cum
1100 4337 1174 4389 dicit:
1202 4336 1249 4390 Als
1273 4353 1350 4390 wenn
1373 4353 1401 4390 cs

171 4437 224 4473 ven
251 4421 408 4473 vernherein
436 4421 589 4490 feststende,
624 4423 685 4474 dass
713 4422 810 4474 Terens
837 4422 893 4475 sich
921 4422 948 4476 in
975 4424 1022 4479 der
1048 4423 1155 4479 Dierese
1185 4423 1270 4477 dieser
1292 4424 1402 4479 Versmt

172 4506 283 4580 Syllaba
306 4524 401 4580 anceps
425 4510 479 4566 und
501 4510 596 4566 lliatus
620 4509 723 4566 erlaubt
745 4510 798 4567 nat.
