3150 5056
668 302 880 370 45„

261 473 379 578 aestu,
401 502 438 560 ut
455 496 494 559 aa
517 496 781 560 mensuratus
801 500 894 564 aun
912 498 1156 582 ooaooaaoa,
1174 500 1230 583 qur
1251 499 1392 583 regrum

159 607 266 664 carent
288 620 426 682 caesura,
455 600 623 684 disputem.
668 598 730 664 Sed
753 620 827 664 cum
848 622 877 666 v.
902 601 964 664 606
986 603 1120 667 ultimus
1144 623 1185 666 ex
1209 604 1391 687 quindecim

159 704 304 767 versibus
332 706 381 786 sit,
409 723 489 788 quos
511 704 637 767 Terenti
662 724 728 766 non
757 724 825 768 esse
853 705 932 768 mihi
960 725 1150 789 persuasum
1177 713 1232 788 est,
1259 707 1298 770 ad
1324 727 1392 770 rem

158 810 336 871 accuratius
358 808 613 892 perpendendam
641 814 672 871 et
695 808 879 892 diligentius
909 810 1152 873 examinandam
1174 831 1287 874 versus
1313 813 1392 874 istos

157 914 243 996 ipsos
277 913 336 975 hoc
369 913 438 976 loco
471 932 596 996 ponam,
630 912 685 975 sed
715 914 767 994 ita,
801 918 838 976 ut
871 914 1111 997 praecedentem
1141 920 1172 977 et
1205 920 1392 999 sequentem

158 1035 288 1079 versum
309 1016 434 1079 Terenti
457 1017 617 1079 sincerum
641 1016 781 1080 adiciam.

201 1119 269 1203 Ego
295 1120 465 1183 homuncio
493 1120 553 1183 hoo
582 1140 647 1183 non
673 1120 832 1184 facerem?
871 1140 928 1204 ego
956 1122 1038 1185 illud
1060 1125 1136 1185 vero
1166 1124 1240 1186 item
1267 1123 1328 1185 feci
1356 1126 1392 1186 ac

1159 1226 1282 1289 lubens.
1328 1227 1387 1290 591

159 1307 248 1372 Dum
270 1310 347 1374 haec
369 1310 490 1374 me'cum
511 1314 632 1390 reputo,
657 1311 830 1375 arcessitur
853 1310 994 1374 lavatum
1016 1313 1140 1376 iuterea
1161 1314 1266 1394 oirpa:

158 1410 213 1488 Iit,
238 1412 325 1493 la'eit,
350 1413 462 1492 rediit·
484 1412 598 1478 deiude
620 1434 689 1477 eam
710 1416 746 1478 iu
770 1414 881 1479 le'ctula
906 1414 1059 1480 loca'ruut.

160 1517 214 1581 Sto
231 1519 408 1598 expectaris,
432 1517 541 1598 siquid
556 1520 601 1582 mi
617 1519 767 1598 lupercal,
783 1521 868 1583 acuit
881 1519 957 1597 uua,
977 1516 1068 1583 ‘heus
1089 1519 1138 1583 tu'
1159 1521 1265 1600 iuquit
1279 1517 1389 1600 ‘Dare

161 1620 246 1702 Cape
267 1623 324 1686 lac'c
343 1622 522 1703 flabellum,
544 1621 705 1686 acutulum
726 1623 800 1687 huic
822 1625 869 1687 sic
888 1622 998 1704 facito,
1021 1622 1099 1686 dum
1121 1622 1284 1687 lavamur:
1332 1630 1390 1688 595

165 1724 227 1790 Ubi
248 1728 306 1787 aas
329 1725 508 1801 laverimus,
531 1726 560 1788 si
582 1725 674 1800 cales,
698 1724 826 1789 lavata?
864 1728 988 1806 accipio
1012 1727 1124 1791 tristis.

157 1828 233 1891 AN.
261 1829 340 1892 Tum
363 1828 505 1909 equidem
529 1830 609 1894 istuc
632 1849 667 1893 os
694 1835 779 1892 tuom
803 1830 961 1909 iupueleus
983 1830 1089 1894 vide're
1111 1832 1249 1894 uimium
1272 1831 1388 1911 cc'llem,

162 1933 224 2012 Qui
247 1934 325 1997 esset
347 1938 459 2011 status,
480 1934 679 2015 flabellulum
703 1934 805 1998 teuere
828 1938 856 1997 te
879 1937 1008 1997 asiuum
1031 1937 1164 1999 taetram.

128 2066 129 2069 ¹
162 2036 230 2102 CH.
262 2035 323 2100 Vim
345 2038 496 2102 elocutust
518 2036 585 2116 luia,
606 2039 698 2119 foras
720 2038 817 2101 sirrrul
840 2041 945 2102 dirrucs
964 2042 1121 2118 proruo'ut
1143 2057 1185 2117 sc,

157 2141 284 2211 Abeunt
307 2140 456 2221 lavatum,
479 2142 693 2222 perstrepunt,
716 2144 764 2205 ita
787 2141 823 2204 at
843 2142 888 2222 dt,
911 2142 1035 2205 cloariui
1058 2142 1113 2206 uli
1135 2143 1258 2206 absunt.
1328 2152 1389 2207 600

157 2243 287 2309 Iate'rca
308 2264 439 2309 sorumas
460 2247 616 2327 cirpiaem
639 2247 799 2325 opprimit.
823 2267 878 2328 epo
901 2246 988 2309 limis
1011 2246 1115 2325 specto

160 2347 214 2413 Sic
232 2348 293 2429 pc‘r
313 2349 474 2431 flabellum
497 2349 691 2414 clericulum:
729 2349 828 2413 simul
851 2350 919 2414 a'lia
941 2350 1165 2429 circumspecto

159 2452 254 2516 Salia
277 2453 445 2534 explorata
467 2455 542 2519 siut.
566 2455 654 2517 uideo
679 2473 751 2518 esse.
770 2454 937 2534 pessulum
960 2455 1039 2517 ostio
1063 2454 1151 2517 o'hda

158 2553 232 2619 AN.
260 2557 345 2636 Quid
368 2555 459 2620 teliu?
496 2557 564 2622 cH.
593 2556 677 2637 Quid
696 2554 786 2636 ‘quid
809 2555 886 2618 tum'
905 2556 1017 2638 fatue?
1051 2555 1128 2621 AN.
1152 2559 1277 2622 Fateor.
1317 2558 1386 2622 GH.

1037 2674 1092 2758 A'u
1115 2715 1169 2777 epo
1193 2697 1298 2759 occasi
1311 2701 1388 2759 'acra

157 2796 215 2862 Mi
227 2798 390 2876 ostentam,
405 2801 537 2875 tautam,
558 2796 623 2859 tam
637 2796 764 2877 breuem,
782 2802 847 2860 tam
861 2800 1011 2878 optatam,
1029 2802 1094 2861 tam
1111 2800 1309 2878 insperatam
1328 2805 1388 2863 605

156 2899 365 2965 Auritterem?
389 2905 455 2963 tum
475 2899 530 2980 pol
552 2921 606 2982 epo
629 2902 659 2962 is
681 2919 778 2963 essem
800 2902 880 2979 uere,
904 2902 960 2981 qui
980 2900 1167 2966 simuldlur.

156 3005 225 3070 AN.
249 3005 331 3069 Sane
353 3005 458 3069 hercle
481 3010 518 3068 ut
541 3004 627 3067 dicis.
651 3005 707 3068 sed
728 3007 857 3069 interim
880 3006 919 3069 de
946 3006 1101 3069 sumbolis
1125 3007 1202 3090 quid
1226 3006 1386 3069 actumst?

258 3108 320 3173 sed
342 3111 530 3193 priusquam
558 3108 597 3170 ad
626 3128 693 3171 rem
723 3109 824 3191 ipsam
849 3108 1044 3173 tractandam
1073 3115 1279 3190 transeamus,
1308 3129 1387 3173 non-

155 3213 253 3294 nulla,
277 3232 358 3298 quae
386 3212 425 3275 ad
453 3231 520 3274 rem
548 3217 650 3274 actam
677 3211 923 3295 intellegendam
951 3214 1127 3275 necessaria
1154 3218 1238 3294 sunt,
1263 3213 1386 3296 praedi-

155 3317 255 3380 cenda
284 3317 442 3380 videntur.
495 3315 632 3378 Chaerea
664 3316 803 3378 eunuchi
833 3317 1029 3378 vestimentis
1059 3315 1194 3379 indutus
1224 3337 1281 3400 pro
1310 3336 1385 3380 vero

155 3421 311 3501 eunucho,
335 3439 431 3503 quem
453 3417 609 3482 Phaedria
636 3418 732 3481 frater
753 3418 864 3480 Thaidi
889 3419 1047 3481 meretrici
1071 3418 1208 3499 donavit,
1236 3421 1271 3482 in
1294 3419 1385 3482 aedes

154 3525 194 3588 ad
217 3544 285 3588 eam
313 3524 470 3586 deductus
501 3527 555 3586 est.
600 3521 653 3584 Ad
680 3527 799 3584 tantam
826 3541 894 3584 rem
922 3520 1101 3584 audendam
1129 3541 1202 3584 eum
1229 3523 1385 3606 cupiditas

152 3629 294 3692 incendit
322 3626 489 3710 potiendae
511 3625 728 3706 Philumenae,
752 3645 847 3708 quam
874 3627 909 3687 in
931 3627 991 3706 via,
1014 3645 1088 3688 cum
1110 3645 1151 3687 ex
1174 3625 1266 3688 domo
1289 3626 1385 3688 Thra-

154 3734 240 3795 sonis
262 3732 371 3794 militis
399 3730 438 3793 ad
460 3730 610 3793 Thaidem
638 3728 855 3810 deduceretur,
879 3729 1079 3812 conspicatus
1107 3747 1210 3791 amare
1233 3734 1383 3811 coeperat.

153 3833 302 3918 Singulas
328 3854 393 3915 res,
424 3852 505 3917 quae
533 3833 637 3896 scelus
667 3833 871 3895 commissum
902 3832 1106 3913 antecedunt,
1135 3834 1210 3915 ipse,
1240 3852 1314 3894 cum
1343 3851 1384 3894 ex

151 3936 277 4001 Thaidis
308 3936 400 4000 domo
437 3937 583 4020 fugisset,
619 3935 737 3998 laetitia
772 3936 910 4018 gestiens
944 3942 975 3999 et
1012 3935 1177 3998 exsultans
1208 3935 1385 4017 Antiphoni

152 4042 252 4104 amico
275 4040 355 4104 forte
379 4040 504 4103 obviam
526 4039 616 4102 eunti
642 4043 760 4119 narrat,
790 4059 869 4122 quas
891 4058 979 4101 nunc
1000 4038 1090 4101 brevi
1113 4037 1383 4121 comprehendam.

252 4143 345 4208 Thais
368 4143 408 4206 ad
430 4163 540 4206 cenam
569 4143 602 4223 it,
625 4139 754 4204 abducit
784 4161 892 4204 secum
920 4141 1058 4222 ancillas,
1087 4160 1205 4224 paucae
1224 4137 1384 4204 ‘noviciae

150 4245 291 4332 pueliae³
312 4251 450 4327 manent,
473 4265 554 4329 quae
576 4245 728 4308 continuo
748 4239 920 4307 ‘adamant
947 4250 984 4308 ut
1004 4240 1104 4306 iavet’
1126 4244 1167 4326 (v,
1192 4244 1383 4326 ase-582).

150 4351 352 4431 Adhortatur
373 4354 410 4412 ut
431 4354 606 4433 properent.
646 4344 748 4412 ‘Dum
771 4353 948 4432 apparatur,
964 4348 1053 4430 virgo
1074 4347 1109 4409 in
1132 4348 1275 4411 conclavi
1297 4349 1384 4413 sedet

151 4453 342 4538 Suspectans
376 4452 517 4515 tabulam
551 4452 712 4536 quandam
744 4457 877 4536 pictam:
925 4451 970 4513 ibi
1008 4452 1110 4513 inerat
1141 4451 1266 4534 pictura
1298 4453 1383 4533 haec,

150 4556 261 4623 Iovem
295 4575 358 4645 quo
393 4561 483 4639 pacto
518 4554 646 4619 Danaae
679 4556 803 4618 misisse
837 4556 928 4618 aiunt
962 4552 1124 4636 quondam
1160 4555 1195 4615 in
1226 4555 1383 4637 gremium
