3150 5056
632 344 844 414 ..19-

119 558 148 603 1.
179 537 241 603 579
271 536 364 602 Thais
392 537 568 622 imperaret,
601 544 637 602 ut
665 539 820 623 virginem
850 539 1021 603 custodiret
1056 557 1135 605 0010
1163 533 1352 623 abscederet,

120 642 232 707 adnuit
260 639 393 706 ‘terram
426 642 554 705 intuens
589 639 742 705 modeste’
774 642 813 724 (1.
848 643 929 724 580).
983 642 1028 706 Ut
1061 644 1158 727 igitur
1190 644 1249 706 hoc
1282 644 1351 707 loco

117 742 282 828 ‘tristem’,
314 746 358 808 ita
393 745 447 808 illo
483 746 551 808 loco
581 741 793 808 ‘modestum'
826 764 859 809 se
892 765 959 809 esse
993 746 1127 810 simulat.
1181 746 1232 808 Ad
1267 747 1352 829 quod

122 851 244 913 amicus
275 849 354 911 nihil
387 849 447 912 nisi
475 849 535 911 hoo
567 868 669 912 unum
697 848 829 911 verbum
863 850 980 912 ironice
1009 849 1193 933 respondet:
1225 845 1354 913 ‘Miser'

120 954 165 1018 At
194 953 254 1016 1100
286 953 355 1016 1000
385 953 505 1016 amicus
538 971 601 1015 non
635 971 700 1015 uno
731 951 826 1015 verbo
856 958 910 1015 aut
938 954 1046 1036 paucis
1074 953 1251 1036 interpellat
1280 973 1352 1015 nar-

122 1063 258 1139 rantem,
292 1057 346 1121 sed
377 1056 456 1120 duos
485 1076 596 1120 101000
630 1057 657 1119 01
687 1055 726 1118 ab
756 1057 976 1139 interpolatore
1006 1056 1204 1139 tribuuntur,
1236 1056 1352 1139 quibus
1481 1129 1484 1134 ,

123 1163 201 1225 nihil
231 1161 398 1224 absurdius
427 1166 483 1223 aut
508 1161 646 1243 ineptius
672 1159 750 1244 fingi
783 1166 890 1244 potest.
940 1159 1100 1242 Primum,
1130 1166 1166 1224 01
1198 1161 1277 1223 illud
1304 1162 1352 1223 in·

122 1267 319 1350 aptissimum
345 1261 484 1328 ‘tantum
514 1260 652 1327 asinum'
680 1269 886 1347 praeteream,
922 1265 977 1347 qui
1006 1263 1146 1348 Antipho
1181 1264 1219 1328 de
1250 1266 1353 1348 impu-

121 1369 207 1433 denti
230 1388 283 1432 ore
305 1369 398 1431 amici
419 1368 509 1451 loqui
529 1372 639 1450 potest,
662 1387 736 1430 oum
757 1368 809 1431 hic
832 1367 923 1430 modo
945 1369 1026 1430 tristi
1048 1368 1141 1430 vultu
1162 1368 1264 1432 fuerit.
1308 1368 1353 1430 At

123 1478 239 1557 quanta
261 1474 394 1549 varietas
423 1471 591 1535 verborum
619 1472 807 1535 structurae!
836 1473 974 1555 primum
999 1468 1135 1535 ‘videre'
1161 1491 1235 1534 cum
1262 1491 1353 1535 accu-
1384 1529 1387 1534 .

121 1578 221 1641 sativo
255 1575 381 1657 obiecti,
410 1581 478 1638 turn
509 1594 582 1637 cum
615 1575 858 1659 interrogatione
886 1574 1014 1658 obliqua
1047 1575 1114 1659 (qui
1144 1580 1224 1638 00001
1254 1579 1353 1638 status

121 1701 149 1744 v.
180 1681 253 1762 598)
283 1679 500 1762 coniungitur,
530 1677 668 1761 denique
696 1681 893 1742 accusativus
923 1698 997 1741 oum
1026 1678 1181 1742 infinitivo
1210 1680 1354 1762 sequitur

123 1785 239 1866 (tenere
267 1788 298 1847 te
324 1804 352 1846 1.
377 1783 457 1863 598).
509 1780 707 1865 Quamquam
737 1782 821 1865 apud
851 1783 985 1845 comicos
1016 1784 1146 1845 mutatio
1177 1787 1354 1845 structurae

121 1889 271 1952 inusitata
298 1906 362 1950 non
389 1891 449 1968 est,
476 1890 580 1949 tamen
603 1887 788 1949 0111001001
814 1886 963 1949 hocloco
990 1885 1153 1968 tripliciter
1181 1887 1354 1948 orationem

122 1993 244 2055 1011011.
501 1984 505 1990 ’

225 2094 264 2158 10
285 2094 490 2177 sequentibus
513 2094 656 2157 versibus
679 2095 794 2157 iterum
811 2093 947 2158 dilucide
970 2094 1134 2158 observare
1156 2095 1237 2176 11001,
1254 2114 1354 2177 quan-

121 2204 190 2262 tum
225 2199 348 2262 Terenti
381 2199 460 2263 10110
493 2197 615 2261 differat
651 2197 689 2260 ab
724 2198 951 2281 interpolatore.
1007 2196 1090 2260 Nam
1124 2218 1197 2261 cum
1234 2199 1286 2261 ille
1320 2199 1355 2261 in

123 2302 232 2366 eadem
254 2321 297 2384 10,
319 2303 469 2385 quoniam
493 2302 623 2364 ancillae
649 2320 748 2384 aeque
771 2307 866 2384 atque
887 2302 947 2364 hoo
972 2301 1041 2364 loco
1068 2300 1196 2365 absente
1219 2300 1352 2383 domina,

121 2412 215 2490 atque
244 2407 338 2469 etiam
367 2405 510 2469 hortante
533 2404 677 2487 Chaerea,
704 2409 739 2468 ut
767 2409 941 2489 properent,
971 2404 1096 2483 abeunt,
1123 2405 1203 2467 nihil
1232 2404 1270 2469 de
1301 2404 1354 2468 ab·

123 2511 219 2574 eundi
255 2511 375 2573 ratione
411 2509 543 2572 ornandi
585 2529 679 2573 causa
720 2509 881 2591 adiecerit,
917 2509 969 2572 hio
1000 2504 1201 2593 ‘proruentes
1239 2505 1286 2572 se'
1324 2513 1355 2572 01

119 2609 374 2698 ‘perstrepentes'
400 2613 519 2696 puellas
547 2612 740 2676 discedentes
768 2612 848 2676 facit.
894 2611 1001 2688 Qud?
1029 2613 1113 2696 quod
1145 2613 1238 2675 etiam
1260 2631 1353 2696 gene

123 2717 181 2780 rali
214 2718 368 2781 sententia
400 2718 454 2799 (ita
486 2720 523 2780 ut
553 2715 597 2797 fit,
626 2715 745 2779 domini
777 2715 833 2779 ubi
867 2714 982 2779 absunt
1014 2736 1042 2779 1.
1073 2716 1145 2797 600)
1180 2715 1354 2779 discessum

123 2838 231 2883 earum
259 2824 356 2883 ornat.

226 2921 389 2987 Postremo
427 2922 632 3006 sequentibus
665 2923 767 2986 tribus
801 2922 945 2987 versibus
979 2923 1065 3005 (601,
1100 2923 1178 3004 603)
1216 2924 1352 2986 00110110

122 3026 162 3089 ad
191 3025 287 3090 finem
312 3027 502 3111 perducitur.
552 3025 634 3089 Nam
663 3035 831 3110 postquam
859 3027 1022 3110 pessulum
1055 3027 1133 3089 ostio
1164 3026 1284 3089 obdidit
1314 3028 1353 3107 (1.

123 3128 206 3212 603),
233 3131 368 3193 narratio
396 3131 463 3213 ipsa
491 3130 667 3193 continuari
696 3149 760 3192 non
790 3131 852 3192 iam
880 3135 989 3213 potest.
1039 3128 1252 3193 Nihilominus
1280 3134 1353 3213 pod-

123 3237 173 3297 tae
202 3235 365 3317 posteriori
388 3234 549 3317 contingit,
571 3238 607 3297 01
630 3237 692 3296 1100
714 3234 791 3296 01100
814 3252 932 3315 101000,
956 3233 1031 3316 quia
1053 3233 1192 3316 Antipho
1216 3233 1351 3315 quaerit:

119 3331 217 3412 ‘Quid
244 3334 351 3401 tuml²
377 3338 417 3417 (1.
439 3337 527 3418 604),
555 3336 655 3399 addat.
704 3336 811 3419 Atque
839 3337 932 3399 etiam
960 3336 1019 3399 hoo
1045 3336 1113 3399 loco
1141 3334 1247 3400 videre
1274 3336 1354 3417 licet,

125 3445 280 3524 quantum
308 3440 476 3504 discrimen
504 3441 587 3503 inter
612 3445 710 3503 artem
736 3444 845 3523 politae
874 3441 988 3503 1010110
1014 3445 1045 3504 01
1072 3440 1147 3502 0011
1175 3438 1352 3502 intercedat.

123 3543 206 3609 Nam
234 3564 307 3608 cum
329 3544 383 3606 illo
411 3545 479 3607 loco
504 3544 541 3626 (v.
567 3544 639 3626 591)
668 3562 718 3607 100
741 3544 841 3625 turpis
869 3565 887 3606 a
915 3563 989 3607 1010
1017 3548 1107 3627 poeta
1135 3543 1174 3606 de
1199 3541 1355 3604 industria

124 3668 220 3732 quarn
257 3647 440 3711 brevissime
479 3651 511 3711 01
545 3648 655 3712 leviter
691 3652 813 3710 tantum
851 3648 1022 3730 attingatur
1058 3643 1155 3729 (Ego
1192 3645 1251 3708 1100
1290 3663 1354 3707 000

123 3747 318 3833 faceremi’),
352 3750 411 3814 hoc
443 3751 511 3814 loco
545 3750 653 3814 eadem
682 3744 835 3814 sententia
863 3770 959 3834 quarn
991 3750 1136 3834 plurimis
1164 3748 1268 3812 verbis
1300 3767 1354 3811 011-

123 3856 271 3939 primitur
293 3859 386 3938 atque
409 3854 571 3918 dilatatur:
596 3850 741 3939 ε1111000
764 3850 1198 3918 occasionem-amitterem?
1236 3852 1354 3915 Memo-

123 3958 221 4023 rabile
255 3962 301 4022 est
334 3959 455 4021 nomini
484 3954 711 4021 ‘occasionem'
743 3960 885 4042 quinque
918 3958 1071 4022 adiectiva
1103 3957 1248 4020 adiuncta
1279 3974 1353 4018 esse.

125 4060 270 4126 Ceterum
319 4063 477 4125 mentione
521 4062 652 4144 dignum
703 4067 749 4124 est
798 4067 956 4126 extremae
1005 4061 1176 4125 narrationi
1223 4058 1355 4122 eandem

130 4167 284 4230 enuntiati
326 4163 603 4228 conformationem
647 4184 714 4228 esse
756 4185 792 4228 ac
828 4166 974 4228 sincerae.
1032 4163 1114 4227 Nam
1150 4182 1215 4226 non
1252 4162 1355 4226 solum

125 4270 346 4332 coniunctivae
380 4268 575 4332 dubitativus
607 4270 766 4351 praeteriti
798 4269 947 4351 temporis
976 4263 1179 4330 ‘amitterem'
1212 4266 1251 4347 (1.
1282 4265 1355 4347 606)

125 4372 293 4456 respondet
328 4373 529 4435 coniunctivo
562 4369 735 4455 ‘facerem’,
771 4371 857 4456 quod
890 4377 937 4435 001
969 4372 1002 4433 10
1040 4376 1181 4434 extrema
1217 4371 1356 4433 sincerae

126 4477 313 4540 narrationis
335 4480 422 4559 parte
450 4476 487 4558 (v.
513 4477 594 4559 591),
617 4476 671 4539 sed
699 4477 791 4539 etiarn
818 4480 956 4558 utroque
983 4474 1052 4537 loco
1079 4475 1233 4558 particula
1252 4468 1357 4535 ‘vero’

124 4579 294 4643 invenitur.

1151 4674 1167 4728 2
1173 4676 1185 4706 ¹l=
