3150 5056
682 236 893 298 ...31-

215 426 308 491 Eum
332 425 393 487 262
422 445 467 508 sq.
1176 427 1287 488 sectari
1315 427 1403 509 iussi,

215 546 249 609 si
260 548 341 629 potis
353 552 408 629 est,
419 552 579 630 tamquam
595 546 743 630 philoso
749 547 910 629 phorum
925 544 1070 608 habent
1085 547 1265 630 disciplinae
1277 567 1317 611 ex
1329 549 1403 632 ipsis

219 667 389 750 Vocabula,
416 669 542 751 parasiti
570 669 623 731 ita
651 673 691 730 ut
719 667 905 764 Gnathonici
933 670 1092 730 vocentur.

276 809 305 869 A
327 806 470 890 praebet:
491 803 718 889 ‘disciplinam'
740 813 770 869 et
792 806 879 870 codd.
904 806 1029 890 Galliop.
1059 808 1250 871 recensionis
1277 804 1403 871 ‘itidem

172 908 229 976 ut'.
274 909 441 992 Sententia,
465 929 545 993 quae
572 911 606 973 in
633 909 682 973 his
703 910 808 974 verbis
836 912 926 993 inest,
957 930 1020 973 non
1048 910 1150 973 solum
1172 912 1265 974 nimis
1290 911 1404 994 frigida

173 1020 267 1098 atque
297 1016 402 1098 inepta
432 1018 491 1095 est,
519 1013 574 1077 sed
603 1015 696 1076 etiarn
726 1012 862 1077 divinari
891 1015 947 1076 vix
976 1019 1083 1098 potest.
1135 1011 1212 1089 Quis
1243 1021 1289 1078 est
1318 1017 1402 1078 enim

174 1137 284 1182 sensus
312 1119 346 1180 in
374 1117 424 1180 his
452 1117 572 1199 verbiS,
599 1118 625 1180 si
653 1117 758 1179 locum
788 1119 966 1200 germanice
994 1117 1182 1180 reddideris:
1216 1118 1267 1179 1011
1299 1118 1401 1181 befahl

171 1223 251 1303 ihm,
288 1221 354 1284 sich
387 1221 449 1282 mir
485 1222 751 1302 anzuschliessen,
788 1241 881 1283 wenn
914 1240 947 1284 00
980 1221 1115 1304 moglich
1148 1222 1202 1302 ist,
1239 1222 1401 1304 gleichwie

174 1325 361 1408 (tamquam)
397 1325 446 1388 die
480 1322 616 1387 Schulen
650 1324 705 1387 der
738 1323 946 1407 Philosophen
981 1343 1044 1386 von
1076 1324 1173 1386 ihnen
1209 1324 1306 1387 selbst
1339 1325 1399 1387 den

171 1427 294 1491 Numen
316 1427 430 1491 fiihren
446 1427 575 1511 (habent
596 1426 770 1508 vocabula),
792 1446 826 1489 so
850 1426 921 1490 dass
943 1426 993 1489 die
1008 1425 1168 1490 Parasiten
1186 1426 1401 1491 Gnathonilrer

172 1536 311 1615 genannt
340 1531 489 1594 werden?
542 1528 625 1604 Quid
655 1530 756 1592 dicam
786 1530 824 1593 de
856 1533 1014 1592 structura
1042 1530 1225 1613 verborum,
1254 1552 1334 1616 quae
1363 1532 1401 1595 ab

173 1637 259 1698 omni
294 1633 460 1698 Latinitate
486 1617 557 1698 ‘tam
594 1634 754 1715 abhorret,
790 1638 826 1696 ut
862 1633 1003 1716 expediri
1039 1654 1103 1698 non
1139 1636 1258 1718 possit?
1315 1634 1398 1710 Quid

172 1739 282 1822 plura?
320 1739 474 1802 eiusmodi
505 1747 615 1802 versus
648 1738 789 1801 Terentio
825 1736 971 1820 indignos
1009 1742 1102 1821 atque
1138 1739 1295 1802 eiciendos
1331 1759 1398 1804 esse

172 1843 325 1905 existimo.

216 2118 336 2183 Andr.
359 2117 421 2179 299
449 2136 494 2200 011.
530 2115 596 2179 ΡΑ.
627 2115 688 2180 Sed
720 2120 800 2201 quor
827 2122 861 2180 tu
891 2117 957 2181 abis
985 2117 1024 2180 ab
1053 2119 1130 2181 illa?
1167 2099 1401 2185 1111111010-

539 2223 672 2285 tricem
700 2225 860 2284 arcesso.
897 2220 963 2284 PA.
992 2222 1130 2305 Propera
1158 2228 1251 2306 atque
1279 2226 1401 2288 audin?

218 2360 360 2424 Verbum
394 2365 496 2424 imum
530 2381 604 2424 cave
638 2361 676 2423 de
709 2362 843 2444 nuptiis,
879 2381 920 2424 ne
953 2360 992 2423 ad
1029 2362 1175 2425 morbum
1208 2363 1267 2426 hoo
1301 2365 1401 2428 etlam.

1189 2465 1263 2529 MY.
1291 2468 1401 2532 Teneo.

276 2603 364 2667 Haec
395 2605 552 2687 quaestio:
579 2599 652 2667 ‘sed
681 2624 760 2687 quor
787 2610 822 2667 tu
846 2605 912 2668 abis
943 2605 980 2668 ab
1011 2601 1103 2668 illai'
1132 2625 1212 2688 quae
1238 2606 1401 2691 Pamphilo

174 2707 332 2790 tribuitur,
365 2709 493 2789 inutilis,
527 2727 567 2770 110
599 2708 709 2789 dicam,
742 2708 874 2771 ridicula
907 2714 961 2772 est.
1012 2708 1124 2793 Neque
1158 2711 1243 2773 enim
1276 2711 1401 2775 difficile

175 2816 240 2874 erat
261 2811 461 2892 adulescenti,
484 2813 632 2894 quoniam
657 2831 697 2874 ex
718 2810 842 2892 Myside
864 2812 1027 2876 audiverat
1043 2812 1225 2894 Glycerium
1247 2817 1401 2899 parturire

173 2918 213 2997 (v.
236 2915 298 2977 268
321 2914 441 2977 laborat
462 2934 480 2978 0
502 2914 628 2997 dolore),
650 2915 791 2978 divinare
815 2922 870 2979 aut
892 2918 1073 2999 coniectare,
1100 2919 1245 2980 ancillam
1273 2921 1401 2982 missam

173 3039 248 3101 esse,
271 3025 307 3082 ut
334 3018 532 3081 obstetricem
561 3018 736 3082 adduceret.
780 3020 889 3102 Atque
917 3020 996 3082 illud
1026 3023 1119 3084 etiarn
1147 3023 1252 3085 minus
1281 3029 1327 3086 est
1353 3024 1401 3085 in-

172 3122 395 3205 tellegendum,
430 3140 528 3204 quare
560 3121 744 3206 Pamphilus
774 3121 930 3204 Mysidem
964 3123 1002 3186 de
1035 3127 1154 3208 nuptiis
1187 3127 1277 3209 loqui
1308 3133 1400 3190 vetet.

171 3224 253 3289 Nam
280 3227 418 3309 primum
442 3225 622 3306 Glycerium
650 3227 718 3309 ipsa
739 3228 864 3310 nuptias
892 3229 925 3289 in
955 3228 1046 3290 illum
1076 3228 1158 3291 diem
1189 3249 1256 3292 esse
1287 3232 1399 3293 consti-

172 3334 256 3392 tutas
284 3348 347 3391 non
381 3329 538 3411 ignoravit
566 3331 604 3409 (1.
634 3329 696 3391 268
727 3349 772 3412 sq.
803 3326 855 3392 ‘ex
885 3330 945 3392 hoc
974 3331 1088 3393 misera
1118 3331 1286 3414 solh0itast,
1318 3333 1399 3395 diem

172 3430 253 3508 Quia
281 3433 356 3494 olim
382 3433 415 3494 in
443 3432 528 3495 hunc
551 3434 737 3495 constItutae
766 3431 921 3516 nuptiae).
972 3432 1093 3497 Deinde
1120 3432 1305 3518 Pamphilus
1333 3438 1399 3519 11100

171 3535 287 3617 Mysidi
310 3535 404 3598 fidem
427 3536 518 3599 modo
543 3536 628 3599 dedit
654 3556 687 3600 se
715 3557 889 3620 numquam
912 3536 1083 3601 Chremetis
1110 3537 1205 3601 fiham
1229 3539 1399 3602 ducturum

171 3659 246 3703 esse.
296 3638 369 3702 Non
401 3640 498 3722 igitur
531 3645 578 3703 est
610 3641 870 3724 intellegendum,
903 3661 960 3704 cur
993 3641 1175 3705 adulescens
1209 3643 1248 3706 de
1281 3645 1398 3727 nuptiis

171 3743 274 3806 dicere
296 3743 441 3805 ancillam
464 3745 605 3825 vetuerit,
627 3745 724 3806 immo
747 3750 868 3807 certum
891 3751 937 3808 est
959 3765 1033 3808 eum
1055 3746 1210 3829 cupivisse
1233 3745 1396 3829 Mysidem,

170 3866 242 3909 curn
272 3846 410 3928 redisset,
440 3852 476 3910 ut
507 3846 651 3928 Glycerio
682 3848 827 3911 solatium
858 3849 994 3931 afferret,
1023 3851 1052 3912 ei
1081 3869 1208 3913 narrare
1237 3870 1286 3932 ea,
1319 3871 1398 3934 quae

170 3948 355 4033 Pamphilus
378 3949 480 4013 denuo
509 3950 682 4034 grandibus
711 3951 814 4015 verbis
843 3954 1035 4036 promiserat,
1064 3972 1097 4016 se
1126 3973 1301 4036 numquam
1329 3973 1397 4016 cam

170 4053 367 4117 deserturum
412 4074 486 4118 esse.
546 4053 690 4118 Ceterum
732 4055 884 4117 indicium
927 4057 1172 4140 interpolationis
1214 4063 1275 4138 est,
1313 4057 1399 4140 quod

170 4157 390 4219 coniunctivus
421 4157 523 4239 verbi,
557 4158 610 4240 qui
640 4176 680 4220 ex
711 4158 931 4220 coniunctione
958 4154 1019 4221 ‘ne'
1054 4158 1182 4241 pendet,
1223 4159 1398 4224 audiendus

170 4266 225 4343 est,
255 4261 288 4323 id
319 4261 404 4343 quod
432 4280 450 4322 a
479 4262 704 4324 consuetudine
733 4266 840 4345 poetae
870 4282 999 4345 prorsus
1027 4263 1163 4325 alienum
1194 4281 1260 4326 0000
1288 4269 1399 4328 notum

170 4368 222 4426 est.
268 4362 398 4446 Saepius
426 4365 662 4448 interpolatores
685 4368 842 4428 extremae
871 4383 1000 4429 scaenae
1027 4383 1137 4428 versus
1165 4365 1314 4430 adiecisse
1336 4369 1399 4430 iam

169 4486 264 4551 supra
294 4466 368 4530 dixi.
