3150 5056
604 289 891 351 ’-11-

168 476 266 556 ‘Quid
295 477 379 543 aisP'
422 477 524 560 Syrus
554 484 668 560 autem,
699 442 791 562 quasi
820 479 978 560 dominus,
1008 498 1074 542 non
1103 498 1215 542 servus
1247 482 1295 562 sit,
1323 483 1404 545 nihil

170 586 234 648 nisi
260 585 320 648 hoc
348 604 452 647 unum
479 583 662 666 respondet:
697 580 833 646 ‘Iubeo'
864 582 952 649 Num
974 584 1051 647 haec
1073 582 1147 664 Syri
1172 584 1269 647 verba
1297 586 1404 669 aliqua

171 708 212 752 ex
255 693 344 772 parte
387 687 522 751 obscura
549 688 658 751 sunt?
709 689 894 771 praeseer
931 707 1005 751 cum
1043 688 1077 750 hi
1112 707 1226 751 versus
1262 708 1404 771 praeces-

77 797 80 801 '
172 792 331 856 serintV.
355 791 416 854 696
440 811 502 875 sq.:
550 827 571 852 .·
675 863 677 867 ¹

211 892 311 959 ‘Nam
334 901 362 959 si
383 915 472 958 nunc
493 916 511 959 a
532 895 625 958 nobis
649 895 716 959 abis
739 882 770 960 et
792 895 983 958 Bacchidem
1005 896 1056 958 hic
1077 895 1242 979 relinquis,

215 999 322 1064 Senex
343 1001 491 1063 resciscet
511 999 585 1062 ilico
608 1018 677 1062 esse
699 1005 832 1062 amicam
853 1000 935 1062 hanc
958 997 1165 1082 Clitiphonis?

273 1103 406 1167 Accedit
429 1101 515 1187 quod
538 1104 739 1166 accusativus
765 1123 840 1166 cum
861 1102 1020 1166 infinitivo
1047 1103 1128 1166 nihil
1153 1102 1248 1167 habet
1277 1123 1406 1189 exque

171 1210 319 1294 pendeat,
346 1209 411 1270 nisi
442 1207 522 1270 forte
554 1206 635 1269 illud
659 1203 823 1288 ‘'narrato²,
853 1206 940 1290 quod
974 1207 1180 1289 praecedente
1202 1227 1298 1271 versu
1332 1228 1406 1272 curn

167 1311 236 1378 ‘ut'
249 1314 458 1376 coniunctum
480 1315 554 1392 erat,
569 1311 629 1373 hoc
645 1330 774 1394 quoque
796 1310 865 1373 loco
888 1311 1055 1393 intellegis,
1092 1310 1225 1374 Frustra
1239 1311 1405 1376 Bentleius

171 1419 258 1481 hrmc
289 1435 420 1480 versum
454 1409 733 1498 supervacaneum,
773 1434 868 1498 quem
907 1433 949 1477 ex
981 1416 1161 1497 interpretis
1195 1415 1405 1498 explicatione

169 1527 283 1585 natum
310 1539 386 1584 esse
400 1510 603 1582 manifestum
627 1524 683 1600 est,
705 1520 751 1582 sic
773 1518 939 1582 emendare
962 1517 1084 1582 studet:
1123 1519 1224 1582 Illano
1247 1539 1352 1584 amare
1374 1525 1406 1583 et

171 1626 253 1689 velle
275 1631 306 1688 tc
328 1643 479 1687 uxorem:
517 1626 586 1686 esse
608 1623 690 1686 hanc
713 1621 909 1706 Clitiphonis.
1335 1645 1336 1648 ¹

273 1813 365 1878 Alter
388 1812 569 1876 simillimus
591 1813 681 1875 locus
704 1817 752 1875 est

214 1921 305 1985 Hec.
336 1918 396 1979 831
430 1936 475 1999 sq.
520 1915 624 2000 Rogat
661 1915 746 1980 unde
783 1918 840 1979 sit:
887 1936 981 1979 narro
1019 1918 1125 1980 omnia
1163 1917 1255 1980 haec:
1299 1917 1406 1981 indest

1148 2022 1286 2104 cognitio
1315 2021 1405 2103 faeta,

213 2126 436 2189 Philumenam
458 2127 670 2208 compressam
693 2144 762 2189 esse
784 2124 875 2188 abeo
899 2130 930 2188 et
950 2123 1057 2187 fllium
1078 2124 1153 2188 inde
1176 2125 1263 2187 hunc
1284 2127 1405 2188 natum.

275 2246 409 2310 Bacchis
432 2246 492 2309 hoo
518 2246 588 2309 loco
611 2251 718 2309 narrat
739 2245 916 2328 Myrrinam
939 2246 1074 2308 anulum
1095 2245 1179 2309 filiae
1202 2265 1286 2328 suae,
1310 2266 1405 2330 quem

170 2351 356 2434 Pamphilus
379 2350 455 2413 huic
478 2349 657 2414 detraxerat
679 2357 710 2414 et
731 2351 888 2414 meretrici
912 2349 1048 2431 dederat,
1070 2351 1105 2413 in
1128 2351 1226 2435 digito
1250 2370 1309 2413 suo
1333 2371 1406 2436 cog-

169 2458 306 2520 novisse.
348 2454 521 2531 Quaerenti
542 2455 629 2518 unde
651 2455 770 2519 anulus
793 2460 883 2535 esset,
906 2474 939 2518 se
958 2449 1103 2518 ‘omnia
1124 2456 1217 2519 haec
1238 2455 1404 2540 narrasse’,

172 2580 253 2644 quae
282 2560 468 2643 Pamphilus
502 2559 563 2622 sibi
592 2560 654 2642 ipsi
686 2560 762 2622 olim
794 2559 899 2622 fassus
934 2563 1030 2621 esset:
1066 2555 1187 2622 ‘Homo
1223 2580 1256 2623 se
1288 2560 1406 2624 fatetur

169 2666 203 2726 vi
234 2665 269 2726 in
300 2664 353 2726 ria
385 2664 491 2726 nescio
526 2684 623 2747 quam
655 2664 878 2746 compressisse
904 2662 1054 2746 Dicitque
1083 2682 1152 2727 sese
1184 2664 1232 2726 illi
1262 2665 1404 2748 anulum,

170 2768 247 2830 dum
276 2768 391 2849 luctat,
420 2764 610 2830 detraxisse³
631 2805 672 2812 —
695 2767 747 2850 (V.
770 2768 832 2829 828
856 2767 925 2850 sq.).
974 2765 1067 2848 Quid,
1092 2787 1218 2851 quaeso,
1248 2788 1328 2851 opus
1357 2774 1405 2833 est

169 2871 359 2934 Bacchidem
386 2874 457 2954 post
476 2866 588 2934 ‘haee'
609 2876 640 2933 et
661 2875 832 2954 postquam
859 2872 894 2933 in
916 2870 1122 2954 praecedente
1150 2891 1246 2934 versu
1270 2871 1402 2936 dixerit:

167 2972 275 3038 ‘narro
314 2975 420 3037 omnia
455 2971 553 3056 haec³,
590 2975 650 3038 hoo
691 2975 760 3037 loco
798 2975 930 3038 eandem
970 2994 1039 3038 rem
1079 2977 1196 3038 iterum
1237 2977 1402 3059 repetere?

168 3078 335 3143 Praeterea
357 3077 492 3142 dubium
519 3079 597 3141 mihi
625 3084 685 3160 est,
717 3081 949 3163 cognitionisne
971 3078 1164 3142 vocabulum
1191 3081 1236 3143 ita
1262 3080 1403 3144 adhiberi

170 3201 270 3266 posse,
292 3187 330 3245 ut
357 3183 558 3245 accusativus
586 3202 660 3245 cum
686 3182 845 3246 infinitivo
873 3187 1035 3265 sequatur.
1080 3180 1174 3257 Quod
1202 3184 1307 3265 seiam,
1337 3203 1403 3246 om-

168 3286 264 3350 nibus
287 3286 365 3349 locis
379 3281 549 3369 ‘cognitio'
571 3286 715 3350 absolute
737 3288 875 3369 ponitur,
897 3285 987 3347 velut
1008 3283 1092 3347 Eun.
1117 3286 1195 3348 921:
1230 3286 1288 3349 Ibo
1310 3288 1402 3369 intre,

171 3390 210 3455 de
238 3391 417 3474 cognitione
443 3395 481 3453 ut
507 3396 629 3453 certum
657 3386 761 3453 sciam.
805 3389 965 3473 Equidem
995 3388 1082 3451 hunc
1113 3409 1243 3472 quoque
1273 3410 1403 3454 versum

170 3495 259 3577 (832)
282 3495 478 3578 grammatici
502 3495 548 3558 rei
569 3496 717 3558 metricae
739 3495 876 3579 imperiti
899 3512 967 3556 esse
989 3492 1104 3555 iudico.

273 3682 351 3746 Post
371 3685 585 3747 narrationem
614 3684 652 3746 de
680 3684 859 3766 cognitione
887 3701 944 3766 per
971 3681 1105 3744 anulum
1134 3681 1248 3744 factam
1269 3681 1402 3745 Bacchis

168 3786 245 3850 haec
267 3788 303 3849 in
325 3805 478 3869 sermone,
502 3806 598 3870 quem
621 3805 729 3850 secum
751 3786 853 3880 hahet,
876 3786 978 3849 addit:

209 3909 299 3975 Hec.
325 3910 387 3971 833
412 3928 457 3991 sq.
479 3894 573 3971 Haec
590 3910 636 3971 tot
657 3914 785 3990 propter
806 3928 857 3972 me
883 3909 1000 3992 gaudia
1020 3909 1069 3971 illi
1091 3910 1261 3992 contigisse
1282 3910 1400 3972 laetor:

210 4010 280 4075 Etsi
295 4012 355 4075 hoe
369 4013 549 4075 meretrices
570 4012 648 4074 aliae
663 4013 794 4075 nolunt:
828 4015 1034 4096 nequeenim
1052 4018 1100 4076 est
1119 4015 1153 4075 in
1171 4032 1239 4076 rem
1260 4015 1402 4076 nostram

212 4114 257 4178 Ut
281 4119 453 4198 quisquam
475 4118 595 4177 amator
616 4116 738 4198 nuptiis
760 4117 903 4179 laetetur.
948 4116 1070 4180 Verum
1093 4118 1215 4179 ecastor

209 4217 395 4302 Numquam
418 4220 559 4281 animum
583 4220 707 4302 quaesti
728 4220 829 4302 gratia
851 4219 890 4282 ad
912 4221 1011 4284 malas
1034 4221 1190 4283 adducam
1211 4221 1317 4302 partis.

269 4321 362 4385 Alter
393 4323 509 4385 horum
544 4324 793 4405 septenariorum
823 4325 963 4408 legitima
994 4323 1126 4387 diaeresi
1156 4330 1247 4386 caret.
1300 4321 1402 4399 Quem

168 4444 297 4489 versum
321 4445 515 4512 quamquam
536 4425 703 4491 Bentleius
730 4427 769 4492 ad
797 4430 963 4491 sanitatem
990 4428 1083 4492 metri
1110 4427 1261 4494 reducere
1287 4426 1402 4510 studet,

168 4547 242 4593 curn
265 4528 391 4594 scribit:
