3150 5056
699 260 889 321 ..8.-

221 454 316 519 Haud
339 459 384 516 tta
407 453 504 534 decet,
526 453 552 515 si
574 451 655 513 hanc
677 453 744 513 osse
766 450 815 512 vis
836 451 1018 532 perpetuam
1041 448 1241 512 adfinitatem.

283 555 597 621 Commemorandum
643 561 689 617 est
736 554 769 615 in
814 551 901 615 libris
948 551 1145 635 Calliopianis
1185 547 1297 615 ‘hanc'
1340 557 1411 637 post

176 658 387 747 ‘perpetuam'
410 659 594 723 collocatum
616 676 691 722 esse.

201 902 203 907 .
220 852 312 915 Hec.
325 849 387 911 818
401 846 539 910 Gnatum
550 851 579 910 el
589 847 728 928 restituo,
740 851 795 930 qul
806 865 903 929 paene
915 847 1026 909 harum
1038 847 1200 929 ipsiusque
1208 864 1301 929 opera
1310 846 1410 929 periit.

281 970 443 1034 Bentleius
480 969 685 1052 transposuit:
734 987 832 1052 paene
867 968 929 1052 qui.
988 966 1048 1031 Sed
1086 987 1159 1030 cnm
1195 988 1245 1031 ars
1281 969 1411 1032 metrica

178 1076 317 1140 vocalem
349 1075 382 1136 in
415 1074 546 1137 diaeresi
573 1072 647 1136 elidi
676 1077 767 1154 vetet,
799 1072 837 1136 de
866 1093 928 1156 qua
957 1091 991 1136 re
1022 1072 1103 1134 infra
1131 1071 1276 1155 pluribus
1304 1071 1410 1155 dispu-

179 1180 325 1261 tabimus,
348 1176 549 1241 scribendum
571 1176 712 1239 videtur:

223 1283 362 1348 Gnatum
387 1286 416 1344 el
438 1281 577 1360 restituo,
599 1282 697 1362 paene
720 1280 776 1362 qui
799 1297 891 1362 opera
912 1278 1026 1341 harum
1046 1259 1209 1364 ipsiusque
1230 1278 1330 1362 periit.

281 1385 359 1449 Veri
381 1385 577 1448 simillimum
606 1388 652 1446 θεῖ
680 1384 907 1466 grammaticos,
930 1387 966 1445 ut
991 1383 1112 1446 hiatum
1140 1380 1291 1464 tollerent,
1313 1381 1410 1445 verba

179 1492 414 1573 transposuisse.
464 1487 511 1551 Dc
538 1488 681 1570 prosodia
706 1484 1055 1570 ‘ipsius³V.Ritscl1el.
1082 1507 1186 1570 opusc.
1209 1486 1266 1568 III,
1287 1507 1316 1570 p.
1340 1486 1410 1549 693.

178 1594 293 1657 Adhuc
315 1593 496 1676 exemplum
521 1595 679 1674 correptae
701 1591 818 1654 vocalis
840 1591 851 1652 i
873 1591 906 1652 in
924 1587 1055 1673 ‘ipslus'
1077 1590 1155 1654 torte
1178 1577 1290 1655 deerat

221 1784 310 1848 Hee.
335 1781 397 1843 254
419 1779 488 1842 Aut
510 1782 547 1842 ea
568 1778 739 1842 refellendo
762 1783 818 1842 adt
839 1778 1003 1863 purgando
1026 1778 1117 1841 vobis
1140 1781 1342 1862 corrigemus.

280 1903 455 1983 Bentleius,
486 1921 550 1985 quo
582 1906 647 1964 erat
677 1903 830 1982 acumine,
864 1906 948 1963 recte
978 1900 1058 1965 vidit
1085 1897 1174 1964 ‘tibi'
1202 1920 1259 1984 pro
1291 1896 1411 1964 ‘vobis'

178 2027 246 2072 esso
279 2005 531 2070 restituendum:
575 2001 680 2086 ‘Tibi³,
710 2005 825 2088 inquit,
856 2001 909 2066 ‘ut
942 2005 1171 2086 patrifamilias,
1203 2006 1259 2089 qui
1291 2011 1410 2068 ceteros

178 2130 284 2194 regas:
335 2111 380 2172 sic
417 2110 579 2192 superiore
611 2127 707 2171 versu
741 2106 849 2197 Celare
883 2114 913 2171 te
945 2109 1008 2170 iras
1045 2113 1076 2171 θῖ
1108 2106 1150 2171 Te
1186 2108 1291 2171 iudice
1323 2105 1411 2191 ipso?

177 2214 340 2278 Librarius
370 2213 486 2296 aliquis
514 2231 550 2274 eo
580 2211 666 2295 quod
694 2215 741 2274 est
766 2212 801 2273 in
823 2211 1026 2274 antecedente
1049 2230 1161 2275 versu:
1193 2208 1239 2275 ‘si
1263 2213 1411 2295 quidest

177 2322 341 2401 peceatum
378 2338 396 2379 a
431 2316 558 2396 nobis,
594 2311 720 2399 proler³,
756 2314 913 2378 adductus
947 2320 1003 2396 est,
1036 2325 1074 2378 ut
1103 2312 1190 2379 ‘tibi'
1225 2317 1260 2378 in
1289 2311 1412 2379 ‘vobis'

177 2424 321 2484 mutaret,
371 2420 416 2483 At
448 2419 529 2483 illud
559 2419 704 2483 Bentleio
734 2439 799 2482 non
834 2421 1000 2500 assentior,
1035 2419 1121 2503 qued
1153 2421 1199 2482 sic
1229 2420 1409 2484 collocavit:

175 2522 255 2588 ‘Ant
283 2543 318 2587 ea
340 2523 511 2587 refellendo
540 2523 598 2586 tibi
620 2527 676 2586 aut
702 2523 867 2605 purgando
894 2520 1106 2606 corrigemus.³
1148 2522 1231 2587 Nam
1250 2519 1341 2587 ‘tibi’
1364 2529 1412 2587 est

179 2648 252 2690 eum
283 2623 482 2710 ‘purgando'
510 2626 783 2709 coniungendum,
818 2627 968 2709 quoniam
995 2622 1140 2708 ‘purgari
1169 2623 1278 2688 alicui³
1306 2625 1411 2690 Latini

179 2731 297 2794 dicunt.
342 2729 507 2792 Praeterea
525 2727 616 2792 ‘tibi'
637 2731 672 2792 in
695 2735 807 2813 quarta
835 2729 908 2792 sede
936 2734 1008 2791 ante
1031 2729 1309 2812 ipsamdiaeresin
1337 2730 1412 2793 olidi

178 2854 234 2919 per
255 2835 400 2896 metricas
423 2834 508 2916 leges
531 2853 597 2896 non
619 2834 699 2897 licet.
743 2832 903 2916 Equidem
925 2833 1033 2895 malim
1060 2833 1170 2896 scribi:

221 2937 290 3001 Aut
312 2939 349 2999 ea
369 2935 540 2999 refellendo
565 2940 620 3000 ant
642 2936 700 3000 tibi
721 2935 887 3019 purgando
911 2937 1112 3020 corrigemus.

220 3126 313 3190 Eun.
337 3125 399 3186 288
421 3123 533 3189 Facete
557 3126 692 3188 dictum:
717 3129 797 3187 mlra
818 3144 893 3188 vero
916 3127 1009 3189 militi
1032 3146 1113 3209 quae
1135 3127 1279 3210 placeant

174 3249 250 3313 pro:
288 3226 401 3291 Facete
425 3229 561 3292 dictum:
599 3230 694 3291 militi
717 3248 798 3312 quae
821 3230 965 3311 placeant
987 3231 1067 3292 mira
1087 3232 1170 3293 vero.

281 3349 351 3413 Hac
387 3349 559 3413 verborum
600 3349 805 3412 collocatione
846 3369 912 3412 non
955 3350 1059 3412 solum
1099 3349 1240 3433 legitima
1281 3369 1411 3413 caesura

177 3455 364 3534 restituitur,
387 3453 442 3516 sod
466 3455 558 3517 ctiam
578 3449 711 3533 ‘militi³,
732 3454 766 3515 in
790 3474 854 3536 qua
875 3472 952 3516 voce
979 3454 1081 3515 omnis
1104 3454 1152 3515 vis
1181 3453 1330 3516 orationis
1354 3460 1409 3536 est,

177 3559 210 3619 in
238 3558 340 3639 primo
371 3557 527 3619 enuntiati
552 3557 621 3618 loco
647 3557 784 3638 ponitur.
830 3555 955 3620 Scilicet
980 3557 1183 3639 grammatici,
1210 3562 1247 3618 ut
1276 3559 1410 3641 saepius

176 3661 378 3723 insolentiam
415 3660 630 3723 collocationis
664 3680 682 3722 a
718 3664 812 3743 po‘cta
849 3659 887 3723 de
922 3659 1081 3723 industria
1117 3661 1289 3743 quaesitae,
1324 3663 1410 3745 quod

180 3782 248 3826 earn
269 3782 335 3825 non
357 3763 591 3846 intellegebant,
614 3763 822 3826 sustulerunt.

220 3952 291 4022 Ad.
315 3951 376 4014 708
400 3949 434 4013 Si
455 3951 552 4014 frater
573 3955 629 4013 aut
651 3951 767 4014 sodalis
790 3958 880 4035 esset,
904 3957 960 4035 qui
982 3954 1082 4036 magis
1105 3972 1224 4016 morem
1245 3954 1388 4035 gereret?

281 4071 362 4136 Cum
385 4072 453 4136 fieri
475 4093 541 4136 non
555 4075 663 4156 possit,
687 4077 724 4136 ut
746 4074 989 4156 transponendis
1012 4074 1117 4138 verbis
1139 4095 1251 4138 versus
1273 4080 1410 4157 sanetur,

178 4178 212 4238 in
242 4178 319 4260 ipsis
346 4176 452 4240 verbis
487 4178 602 4240 vitium
631 4177 848 4260 quaerendum
880 4182 934 4241 est.
986 4178 1161 4242 Videamus
1195 4200 1258 4262 qua
1290 4181 1411 4243 ratione

179 4281 352 4343 sententiae
378 4283 462 4344 inter
490 4300 523 4344 se
552 4281 717 4363 excipiant.
762 4279 958 4363 Aeschinus,
986 4282 1072 4366 quod
1101 4284 1130 4345 ci
1157 4304 1175 4346 a
1201 4289 1288 4367 patre
1316 4285 1410 4348 mede

179 4384 368 4466 permissmn
398 4389 457 4466 est,
488 4390 526 4448 ut
554 4384 751 4468 Pamphilam
783 4386 817 4447 in
848 4386 1085 4449 matrimonium
1120 4387 1260 4469 duceret,
1293 4387 1409 4471 gaudio

179 4487 344 4554 exsultans
376 4489 474 4576 patris
509 4489 620 4577 optimi
653 4488 880 4576 benignitatem
908 4487 1192 4577 liberalitatemque
1225 4491 1275 4555 his
1305 4490 1409 4558 verbis
