3150 5056
776 927 804 998 Ι.

590 1027 664 1178 ΒΕ.
688 1097 958 1180 crisonis.

274 1302 323 1364 Ac
360 1303 498 1385 primum
540 1303 733 1366 monendum
772 1307 819 1366 est
857 1301 984 1367 Latinos
1025 1303 1176 1368 iambicos
1214 1306 1403 1387 septenarios

172 1410 428 1487 asynartetos
463 1425 529 1470 esse
557 1407 702 1488 voluisse,
731 1408 775 1470 ita
804 1411 841 1470 ut
869 1426 909 1471 ex
939 1406 1062 1471 duabus
1092 1427 1190 1491 paene
1221 1408 1404 1491 aequalibus

171 1509 312 1594 partibus
354 1510 441 1572 nulla
478 1510 711 1574 continuatione
751 1513 876 1575 numeri
913 1515 1055 1575 constent
1090 1515 1121 1574 et
1161 1516 1197 1576 ut
1233 1512 1332 1576 hiatui
1375 1517 1406 1577 et

172 1614 310 1696 syllabae
337 1614 473 1697 ancipiti,
501 1633 582 1698 quae
605 1633 754 1678 versuum
783 1619 1033 1696 asynartetorum
1054 1616 1179 1699 propria
1206 1620 1288 1698 sunt,
1315 1618 1404 1680 locus

172 1718 368 1782 concedatur.
421 1715 588 1789 Caesuram
615 1717 740 1800 habent,
768 1723 805 1781 ut
832 1739 889 1802 par
918 1723 972 1800 est,
1004 1723 1074 1803 post
1107 1723 1254 1803 quartum
1283 1719 1403 1803 pedem,

172 1823 227 1905 qui
260 1841 360 1904 purus
398 1820 529 1903 iambus
564 1821 596 1883 id
630 1821 715 1905 quod
746 1821 916 1904 Bentleius,
945 1824 994 1884 vir
1023 1824 1251 1906 sagaciSsimuS,
1281 1825 1402 1907 primus

172 1926 349 1990 observavit
380 1924 465 2007 (vide
493 1925 532 1987 ad
558 1923 635 1988 Hec.
656 1925 689 1988 II
717 1926 745 2009 2,
774 1926 837 2008 10),
864 1926 915 1990 vel
943 1927 1143 2009 pyrrhichius
1173 1932 1227 1990 est.
1276 1927 1404 1991 Praeter

170 2031 338 2114 legitimam
364 2030 450 2092 illam
473 2048 634 2092 caesuram
651 2030 703 2092 vel
726 2029 887 2111 diaeresin,
910 2030 1127 2093 secundariam
1150 2050 1311 2094 caesuram
1333 2035 1403 2114 post

170 2134 337 2197 anacrusin
361 2134 463 2217 quinti
484 2133 573 2216 pedis
600 2152 708 2197 omnes
729 2134 791 2196 viri
819 2134 990 2197 doctissimi
1010 2133 1084 2197 inde
1111 2134 1150 2197 ab
1173 2134 1319 2218 Reisigio,
1348 2136 1404 2218 qui

170 2239 238 2301 cius
261 2239 406 2299 inventor
428 2241 482 2319 est,
505 2242 687 2320 agnoscunt.

273 2342 316 2404 At
351 2340 401 2404 vel
437 2340 529 2422 illud,
568 2341 652 2424 quod
689 2340 764 2404 haec
807 2360 935 2405 caesura
971 2341 1126 2405 trochaica
1168 2361 1249 2425 quae
1286 2341 1401 2404 dicitur

169 2446 327 2508 rarissime
367 2441 449 2528 apud
489 2443 639 2507 Plautum
680 2449 710 2508 et
749 2445 926 2508 Terentium
967 2446 1135 2527 invenitur,
1175 2445 1403 2509 dubitationem

169 2549 279 2612 afferre
308 2547 440 2612 debebat
466 2552 591 2612 rectane
619 2553 649 2610 et
674 2567 748 2612 vera
775 2553 862 2613 esset.
907 2547 989 2611 Nam
1017 2549 1191 2612 secundum
1213 2547 1403 2612 Kraussium

170 2651 265 2735 (Mus.
289 2651 387 2717 Rhen.
417 2657 437 2715 t.
466 2651 553 2734 VIII,
580 2673 608 2735 p.
634 2652 708 2734 542)
737 2653 818 2715 inter
844 2653 930 2715 mille
959 2657 1112 2715 trecentos
1142 2653 1197 2736 qui
1226 2654 1258 2714 in
1289 2652 1403 2716 fabulis

168 2756 325 2820 Plautinis
356 2761 431 2819 sunt
459 2755 610 2818 iambicos
640 2757 844 2839 septenarios,
870 2757 926 2818 vix
960 2757 1070 2839 vigmti
1101 2775 1212 2820 versus
1243 2775 1315 2819 cum
1346 2757 1403 2818 hac

169 2860 324 2923 trochaica
359 2878 499 2941 caesura,
529 2860 562 2920 in
594 2859 739 2923 Asinaria
767 2861 841 2941 sola,
875 2861 909 2921 in
940 2880 1002 2943 qua
1037 2861 1168 2923 trecenti
1197 2861 1308 2943 viginti
1340 2861 1402 2923 duo

169 2965 336 3046 septenarii
363 2968 446 3044 sunt,
468 2964 525 3025 vix
552 2962 717 3026 duodecim
744 2965 952 3047 reperiuntur,
979 2965 1035 3047 qui
1062 2965 1176 3027 usitata
1197 2964 1251 3026 illa
1273 2983 1402 3028 caesura

170 3071 276 3130 carent
299 3067 350 3151 (V.
375 3066 484 3130 Christ,
508 3065 612 3130 Μθῖῐ.2
632 3088 660 3150 p.
685 3067 769 3149 342).
814 3066 927 3131 Contra
948 3069 1030 3131 inter
1055 3072 1209 3131 trecentos
1231 3069 1403 3151 nonaginta

169 3171 233 3235 t'cre
261 3172 451 3255 septenarios
472 3170 681 3253 Terentianus,
709 3171 792 3254 quod
820 3172 870 3234 hic
895 3176 986 3255 poeta
1008 3192 1027 3235 a
1049 3170 1275 3234 correctoribus
1302 3173 1403 3255 magis

170 3295 265 3359 quam
287 3274 420 3338 Plautus
443 3279 609 3358 corruptus
631 3281 686 3357 cst,
707 3274 904 3358 undeviginti
925 3294 1036 3338 versus
1059 3294 1131 3338 cum
1153 3275 1208 3337 illa
1223 3274 1402 3358 Reisigiana

170 3398 299 3442 caesura
321 3383 403 3443 sunt.

271 3481 338 3546 Nec
359 3502 434 3546 vero
458 3484 561 3546 solum
583 3500 623 3545 ex
645 3483 778 3565 rarItatc,
800 3481 854 3547 sed
877 3483 970 3545 etiam
998 3501 1039 3544 ex
1060 3500 1171 3545 versus
1193 3483 1313 3544 ratione
1335 3483 1403 3565 Ipsa

170 3587 316 3650 concludi
338 3592 439 3669 potest
461 3605 622 3649 caesuram
644 3587 731 3649 illam
752 3586 860 3649 falsam
882 3586 1051 3669 fictamque
1073 3603 1148 3649 esse.
1185 3584 1268 3649 Nam
1290 3586 1315 3647 si
1337 3604 1402 3647 non

169 3697 216 3756 est
243 3691 461 3774 dubitandum,
489 3692 566 3775 quin
590 3688 692 3753 Latini
718 3692 908 3773 septenarios
935 3689 1085 3752 iambIcos
1113 3691 1306 3769 asynartetos
1335 3707 1402 3752 esse

168 3796 334 3878 voluerint,
367 3801 404 3858 ut
437 3815 453 3859 e
487 3793 612 3857 duobus
645 3795 794 3857 seiunctIs
827 3792 975 3856 membris
1005 3794 1073 3856 siue
1105 3793 1169 3855 ulla
1197 3810 1402 3855 numerorum

169 3901 372 3962 continuitate
401 3903 579 3962 constarent
600 3903 631 3960 et
659 3902 694 3960 ut
716 3899 819 3961 hiatus
842 3903 872 3961 et
897 3896 1017 3978 syllaba
1039 3915 1152 3980 anceps
1175 3901 1246 3979 post
1266 3896 1402 3979 priorem

169 4002 326 4085 dipodiam
356 4003 602 4083 admitterentur,
634 4001 831 4065 manifestum
863 4006 909 4065 est
939 4000 1141 4064 secundariae
1176 4000 1223 4062 illi
1256 4018 1402 4063 caesurae

168 4107 273 4170 locum
303 4126 368 4169 non
396 4125 475 4170 esse:
514 4107 576 4169 nisi
608 4105 687 4168 forte
720 4110 812 4188 putas
841 4105 1087 4185 Terentium,
1116 4122 1210 4187 quem
1240 4101 1399 4184 Horatius,

169 4229 313 4274 summus
335 4211 537 4291 existimator,
556 4205 699 4272 ‘vincere
721 4205 801 4271 arte'
822 4208 905 4290 dicit,
932 4212 1127 4271 trecentos
1154 4206 1402 4290 septuaginta

130 4297 133 4303 ¹
168 4313 253 4377 fcrc
286 4314 531 4397 septenarios
562 4315 825 4393 asynartetos,
859 4313 898 4373 iu
933 4310 1075 4395 quibus
1106 4329 1292 4374 numerus
1325 4329 1401 4372 non

169 4419 439 4499 continuatur,
469 4422 506 4481 et
533 4417 786 4499 undeviginti
815 4419 1058 4502 synartetos,
1087 4416 1127 4476 in
1157 4412 1300 4504 quibus
1328 4433 1401 4480 nu·

169 4541 299 4591 merus
328 4523 600 4610 continuatur,
628 4538 709 4589 esse
736 4519 917 4588 voluisse.
