3150 5056
681 288 893 356 ..34-

276 481 558 567 Supervacaneum,
587 501 626 543 ne
654 481 764 560 dicam,
794 481 960 542 molestum
989 483 1035 540 est
1059 452 1172 560 ‘hinc⁶'‚
1202 475 1286 562 quod
1314 474 1405 542 addi·
1516 552 1520 562 Ι

170 592 238 651 tum
267 592 322 668 est,
353 592 388 649 ut
418 586 523 649 hiatus
551 585 719 648 tolleretur.
763 583 847 667 Ergo
876 583 1076 646 scribendum
1104 582 1244 645 videtur:

98 779 100 783 7
215 708 427 789 Provisumst‚
456 726 496 770 ne
525 708 555 767 in
587 707 761 790 praesentia
791 704 793 787 l
823 706 899 767 haec
928 704 1032 767 abeat:
1067 705 1144 788 quid
1172 723 1258 767 nuno
1285 704 1404 788 porro?

216 932 370 997 Phorm.
407 931 467 993 750
501 929 634 993 Matrem
667 935 765 1013 ipsam
800 948 841 991 ex
874 929 1122 1012 aegritudine
1154 930 1223 993 hac
1256 930 1433 1019 miseram¹

1039 1053 1123 1097 mors
1150 1037 1317 1132 consecuta
1347 1038 1403 1096 est.

276 1156 319 1217 At
350 1151 440 1217 ‘hac'
475 1155 560 1218 deest
592 1156 625 1216 in
659 1153 806 1217 omnibus
839 1154 927 1217 libris
961 1154 1149 1217 recensionis
1184 1152 1405 1237 OaHiopianae,
1515 1228 1519 1237 Ι

173 1259 331 1322 omittitur
362 1259 454 1320 etiam
484 1279 502 1321 a
532 1256 654 1320 Donato
685 1263 715 1319 et
744 1256 933 1340 Eugraphio.
985 1256 1041 1319 ille
1071 1262 1154 1320 recte
1183 1258 1407 1340 interpretatur

168 1357 371 1424 ‘infirmitate
394 1381 430 1424 ac
451 1359 585 1424 morbo³.
627 1358 844 1443 ‘Aegritudine
874 1357 944 1423 hac'
966 1360 1025 1422 hoo
1046 1360 1178 1423 valeret:
1210 1379 1251 1423 ex
1273 1360 1406 1442 tristitia,

175 1465 260 1548 quod
291 1465 440 1527 maritum
475 1485 570 1528 suum
597 1465 738 1527 invenire
767 1483 831 1526 non
860 1465 968 1547 potuit.
1016 1462 1092 1526 lure
1121 1464 1217 1545 igitur
1242 1462 1406 1544 Bentleius

171 1563 266 1630 ‘hae'
302 1568 429 1631 sustulit
466 1567 635 1631 adnotans:
670 1564 863 1648 ‘Correot0r,
900 1567 1006 1648 cred0,
1043 1566 1234 1648 Bembinus,
1269 1585 1406 1631 versus

173 1671 300 1754 gratia
332 1670 452 1733 addidit
479 1668 577 1752 ‘hac³,
610 1691 672 1753 quo
703 1675 807 1733 tamen
840 1689 949 1733 versus
982 1688 1080 1753 aeque
1110 1669 1271 1733 commode
1300 1688 1407 1733 carere

174 1776 283 1856 potest,
306 1774 458 1836 sententia
480 1774 675 1837 commodius
698 1771 821 1836 caretl’
855 1772 951 1836 Recte
975 1773 1007 1835 id
1031 1773 1168 1855 quidem,
1190 1793 1262 1836 nam
1285 1791 1407 1836 eorrec-

176 1880 258 1939 tores
287 1876 440 1957 syllabam
469 1877 635 1960 ancipitem
663 1877 729 1939 tolli
757 1877 933 1939 voluerunt.

282 2343 456 2408 Veniamus
478 2364 564 2407 nunc
586 2345 624 2407 ad
655 2364 707 2408 eos
729 2346 927 2429 septenarios
955 2347 988 2408 in
1011 2345 1127 2429 quibus
1154 2346 1266 2410 ultima
1287 2347 1408 2428 syllaba

181 2449 283 2532 quarti
315 2446 412 2510 iambi
445 2466 518 2509 oum
552 2453 701 2530 sequente
734 2448 886 2511 vocabulo
921 2450 1180 2532 complurium
1213 2450 1407 2530 syllabarum

180 2551 332 2614 coalescit.
375 2548 443 2611 lam
472 2549 707 2632 supradictum
732 2557 778 2615 est
808 2552 888 2613 hanc
910 2551 1070 2616 elisionem
1098 2553 1225 2615 omnino
1253 2572 1317 2616 non
1340 2572 1409 2617 esse

180 2652 380 2717 tolerandam.

222 2775 342 2841 Andr.
370 2774 431 2837 686
467 2773 574 2854 Mysis.
611 2772 622 2858 Η
660 2773 737 2849 Quis
770 2775 839 2838 est?
873 2776 959 2857 hem,
992 2775 1211 2859 Pamphile,
1245 2779 1410 2860 optume

835 2878 912 2941 mihi
942 2884 972 2942 te
1002 2879 1101 2944 offers.
1127 2877 1138 2964 Η
1164 2877 1247 2956 Quid
1274 2880 1306 2942 id
1336 2881 1408 2944 est?

284 2997 450 3062 Collocatio
482 2999 648 3062 verborum
679 2996 863 3082 ‘Pamphile
896 3006 1022 3084 optume
1055 2999 1148 3064 mihi'
1180 3002 1219 3063 in,
1247 2991 1407 3065 codicibus

182 3102 277 3166 dubia
299 3108 353 3184 est,
382 3123 455 3165 nam
482 3101 509 3164 Ε
532 3103 673 3186 praebet:
705 3105 819 3187 optime
844 3102 1007 3188 Pamphile
1036 3106 1086 3169 mi.
1133 3104 1289 3188 Equidem
1311 3103 1409 3189 Spen-

182 3206 263 3290 gelio
293 3207 444 3269 assentior
473 3207 506 3268 in
537 3206 671 3270 editione
701 3227 759 3270 sna
786 3208 828 3269 ita
857 3209 1036 3271 collocanti:
1072 3207 1243 3292 Pamphilo,
1274 3209 1351 3270 mihi
1377 3214 1408 3272 te

180 3311 307 3392 optume
330 3309 428 3372 offers.
467 3309 644 3373 Verisimile
671 3316 776 3373 autem
805 3315 852 3373 est
878 3318 1066 3375 correctores
1096 3311 1234 3392 syllabae
1264 3313 1407 3395 ancipitis

179 3412 387 3475 removendae
415 3432 510 3476 causa
539 3413 707 3477 verborum
740 3414 880 3477 ordinem
907 3416 1131 3478 immutavisse.

221 3634 316 3699 Eun.
341 3634 402 3697 610
424 3634 489 3698 Ubi
510 3637 654 3699 mutem?
682 3639 772 3721 perii:
803 3641 875 3702 nam
900 3639 1005 3702 domo
1028 3640 1140 3703 exulo
1168 3659 1269 3703 nuno:
1299 3644 1406 3704 metuo

1268 3743 1403 3809 fratrem.

282 3822 348 3886 lam
371 3822 533 3888 Bentleius
555 3828 760 3926 transposuit:

219 3942 284 4006 Ubi
313 3945 454 4008 mutem?
485 3948 578 4030 perii:
610 3967 683 4009 nam
713 3950 807 4013 exulo
838 3951 930 4015 domo
960 3971 1062 4014 nuno:
1091 3955 1197 4014 metuo
1226 3951 1361 4015 fratrem.
1410 3916 1413 3925 Ι

218 4167 311 4234 Eum
335 4168 398 4230 274
425 4188 470 4252 sq.
982 4172 1047 4235 PA.
1071 4171 1116 4235 Ut
1142 4173 1239 4236 falsus
1270 4175 1404 4239 animist.

218 4285 285 4352 GN.
309 4287 410 4363 Quam
432 4292 492 4354 hoo
521 4295 638 4354 munus
665 4296 790 4375 gratum
816 4293 954 4356 Thaidi
981 4293 1175 4358 arbitrare
1203 4295 1292 4360 esse?
1336 4295 1403 4360 PA.

1104 4397 1175 4463 Hoc
1202 4419 1287 4463 nunc
1316 4400 1404 4482 dicis,

217 4513 339 4578 Eiectos
368 4514 442 4577 hino
468 4536 542 4579 nos:
574 4518 716 4580 omnium
744 4536 859 4597 rerum,
887 4517 974 4602 hem,
1002 4519 1222 4584 vicissitudost
