3150 5056
677 336 889 408 ..20-

271 531 332 602 His
369 536 563 620 argumentis
596 533 857 598 demonstravisse
895 529 985 594 nobis
1018 529 1164 593 videmur
1203 529 1277 592 hoc
1310 528 1408 592 loco.

169 641 267 705 duas
302 641 473 703 diversas
506 638 751 701 narrationes
787 636 1027 698 diversorum
1066 637 1270 716 poetarum
1303 632 1402 695 male

168 745 367 828 copulatas
396 761 490 824 esse,
517 741 550 804 id
574 741 659 825 quod
688 741 786 822 signis
815 738 1003 821 indiciisque
1031 737 1230 821 quibusdam,
1259 755 1340 820 quae
1368 737 1401 799 in

169 853 288 912 metro
313 852 344 911 et
364 848 398 909 in
421 847 594 910 oratione
616 847 733 927 insunt,
759 842 969 906 confirmatur.

271 951 446 1014 Videamus
467 951 606 1033 primum
633 949 811 1012 metricas
837 948 981 1009 rationes.
1025 944 1073 1007 Ac
1095 945 1212 1007 mirum
1237 949 1291 1026 est,
1316 944 1402 1028 quod

171 1056 325 1139 posterior
345 1059 436 1138 poeta
453 1055 660 1117 narrationem
685 1072 775 1116 suam
799 1070 862 1114 non
885 1051 918 1112 in
941 1049 1050 1113 eodem
1073 1053 1181 1130 melre,
1197 1048 1282 1132 quod
1305 1050 1403 1131 priori

171 1158 344 1220 narrationi
368 1157 501 1238 Terenti,
528 1156 583 1220 sed
615 1158 648 1218 in
676 1155 799 1236 eodem,
830 1153 915 1237 quod
942 1152 1146 1236 sequentibus
1176 1141 1320 1215 versibus
1348 1156 1403 1234 est,

172 1262 353 1346 composuit.
404 1258 487 1336 Quid
517 1259 641 1323 tandem
671 1278 783 1322 causae
814 1263 888 1339 erat,
921 1277 979 1320 cur
1007 1256 1223 1339 interpolator,
1253 1257 1403 1339 quoniam

173 1365 279 1428 omnia
307 1383 364 1448 pro
388 1383 451 1427 una
478 1365 655 1426 narratione
681 1362 822 1427 eiusdem
851 1365 960 1444 poetae
989 1358 1097 1423 haberi
1125 1359 1232 1441 voluit,
1264 1363 1403 1422 metrum

171 1469 211 1531 in
240 1468 367 1532 media
396 1468 621 1530 narratione
650 1466 808 1530 mutaret?
852 1464 965 1528 Nonne
987 1463 1075 1544 vidit,
1106 1464 1133 1526 61
1163 1464 1226 1525 iam
1253 1463 1404 1527 hocloco

171 1571 322 1635 iambicos
353 1572 546 1655 septenarios
573 1572 746 1654 posuisset,
780 1588 988 1632 numerorum
1016 1568 1225 1630 mutationem
1257 1586 1293 1630 66
1326 1567 1405 1648 1666,

172 1675 230 1738 ubi
264 1679 348 1758 apta,
381 1694 422 1738 ne
452 1674 562 1756 dicam,
592 1675 768 1737 necessaria
800 1677 879 1753 erat,
914 1678 944 1735 et
976 1670 1045 1735 ubi
1078 1671 1289 1734 Terentius
1324 1690 1406 1734 eam

174 1797 257 1842 esse
287 1777 429 1858 voluit,
457 1783 529 1861 post
558 1799 587 1840 1.
611 1776 687 1858 606,
718 1776 874 1839 sublatam
905 1775 994 1839 fore?
1038 1773 1121 1838 Nam
1150 1774 1225 1837 inde
1251 1795 1270 1837 a
1299 1773 1405 1837 verbis

170 1877 245 1946 ‘sed
278 1878 420 1944 interim'
453 1902 498 1964 sq.
533 1882 574 1964 (v.
599 1881 683 1963 607),
716 1885 754 1943 111
782 1881 845 1942 iam
879 1899 975 1963 supra
1005 1878 1086 1960 dixi,
1117 1878 1156 1942 de
1182 1898 1313 1962 prorsus
1345 1878 1406 1941 alia

176 2005 211 2049 re
240 1986 352 2069 agibir.

276 2087 345 2150 Iam
374 2107 449 2152 1616
475 2090 593 2151 mirum
624 2107 693 2151 esse
721 2087 827 2167 debet,
856 2086 942 2170 quod
969 2088 1004 2149 in
1033 2088 1093 2149 hac
1120 2092 1185 2149 tam
1213 2087 1303 2150 brevi
1333 2106 1406 2149 nar-

175 2192 297 2254 ratione
326 2196 389 2254 tres
420 2190 567 2275 deinceps
597 2191 662 2253 fere
690 2209 802 2253 1616116
833 2209 907 2252 611111
936 2209 1066 2253 66661116
1100 2188 1287 2253 secundaria
1317 2191 1406 2253 inve

174 2295 327 2357 niuntur:
358 2314 387 2356 1.
411 2294 482 2358 603.
506 2293 576 2357 604.
606 2294 681 2375 606,
713 2295 769 2377 6111
802 2293 992 2356 coniecturis
1026 2294 1131 2355 sanari
1163 2312 1230 2356 non
1262 2297 1405 2376 possunt.

277 2396 345 2461 Neo
373 2417 449 2461 vero
479 2398 584 2461 solum
616 2402 766 2478 metrum,
800 2396 856 2460 sed
887 2398 981 2460 etiam
1011 2397 1139 2460 oratio
1170 2397 1281 2460 multis
1310 2396 1407 2461 rebus

176 2501 382 2564 offensionem
414 2500 515 2564 habet.
570 2500 620 2563 Ac
653 2500 835 2563 mirandum
868 2505 915 2564 est
947 2500 996 2563 bis
1033 2519 1132 2583 paene
1168 2500 1315 2584 deinceps
1353 2501 1407 2564 ad-

177 2603 324 2667 verbium
348 2600 435 2686 ί616,
464 2602 550 2687 quod
576 2603 636 2666 hoo
661 2604 731 2667 loco
755 2603 1000 2666 demonstrantis
1028 2607 1083 2685 est,
1112 2623 1194 2687 61166
1218 2602 1406 2687 significatio

176 2726 247 2769 rara
269 2711 324 2787 ost,
347 2711 529 2790 usurpatur,
552 2727 581 2769 1.
606 2707 684 2769 595:
715 2707 897 2770 ventulum
911 2706 987 2769 huic
1015 2707 1076 2770 sic
1097 2706 1191 2770 facito
1219 2711 1250 2770 et
1277 2727 1305 2769 1.
1329 2707 1405 2770 602;

180 2810 237 2872 616
258 2829 315 2893 per
329 2809 492 2874 flabellum
507 2811 697 2874 clanculum.
733 2809 801 2874 Nec
823 2811 930 2873 minus
947 2810 1125 2873 notandum
1147 2815 1194 2873 est
1216 2829 1329 2873 versus
1345 2810 1406 2873 601

179 2917 210 2977 61
240 2913 300 2975 602
333 2912 439 2977 verbis
468 2913 552 2976 idem
582 2913 769 2976 sonantibus
794 2909 932 2997 ‘specto'
959 2918 990 2976 et
1017 2910 1277 2997 ‘circmnspocto'
1303 2915 1409 2977 termi-

178 3016 256 3079 nari.
299 3014 348 3079 De
379 3017 535 3098 singulari
565 3017 715 3079 orationis
746 3016 1002 3099 conformatione,
1033 3035 1115 3100 quae
1144 3021 1192 3080 est
1224 3017 1259 3079 in
1288 3037 1316 3079 1.
1348 3018 1408 3080 597

179 3121 285 3182 -598
312 3121 376 3184 16111
409 3140 506 3203 supra
534 3119 654 3183 dictum
681 3124 735 3184 est.
777 3117 834 3183 ‘Se
862 3118 1026 3204 proruere'
1054 3121 1095 3204 (1.
1120 3120 1195 3203 509)
1223 3140 1298 3184 1616
1332 3141 1410 3184 nus-

181 3242 277 3305 quam
300 3222 384 3306 apud
406 3223 522 3285 latinos
546 3224 713 3306 scriptores
736 3225 899 3307 reperitur.
939 3223 1021 3288 Item
1041 3220 1261 3308 ‘perstrepere’
1276 3225 1317 3308 (v.
1335 3225 1410 3308 600)

180 3345 342 3409 nusquam
373 3330 421 3390 est
449 3327 513 3389 nisi
542 3326 627 3409 apud
658 3331 767 3409 politas
795 3328 1007 3409 posteriorum
1037 3332 1182 3394 aetatum
1232 3327 1412 3392 Durissima

181 3447 256 3491 1616
287 3429 406 3513 ellipsis
435 3435 482 3493 est
508 3430 543 3491 in
566 3425 688 3511 ‘limis’,
717 3430 756 3493 ad
787 3430 872 3513 quod
898 3426 1030 3494 ‘oculis'
1057 3430 1253 3495 audiendum
1279 3437 1334 3498 est.

283 3530 372 3596 Haec
402 3533 508 3595 omnia
541 3537 605 3595 tam
637 3533 790 3596 inusitata
819 3539 896 3596 sunt
929 3539 1024 3617 atque
1057 3534 1096 3597 ab
1129 3537 1216 3598 omni
1242 3534 1413 3600 Latinitate

184 3638 248 3697 tam
281 3634 464 3716 abhorrent,
501 3641 539 3698 ut
574 3636 632 3699 hos
670 3655 783 3700 versus
812 3637 1016 3701 Terentianos
1054 3657 1122 3703 esse
1150 3639 1333 3723 negandum
1364 3641 1412 3703 sit

181 3735 356 3801 Maximam
388 3758 463 3802 vero
496 3745 527 3803 et
559 3740 780 3822 gravissimam
813 3761 953 3823 causam,
987 3761 1045 3805 cur
1076 3741 1110 3805 hi
1143 3762 1256 3808 versus
1288 3743 1414 3807 Terenti

181 3859 250 3904 esse
282 3860 348 3904 non
377 3844 512 3925 possint,
542 3847 580 3905 111
606 3843 669 3906 iam
700 3844 900 3927 supradixi,
933 3846 968 3907 in
990 3863 1026 3908 66
1060 3865 1128 3910 6666
1160 3846 1283 3929 iudico,
1313 3847 1414 3930 quod

181 3944 302 4008 verba
325 3940 440 4007 ‘Dum
466 3946 562 4008 haec
583 3966 727 4009 mecum
753 3945 906 4030 reputo’
932 3948 1261 4032 praecedentibus
1284 3950 1414 4015 verbis

178 4054 266 4131 ‘ego
299 4047 402 4110 illud
435 4067 526 4112 1616
561 4051 657 4114 item
689 4051 764 4114 1661
800 4072 841 4115 66
872 4050 1029 4116 lubens’
1060 4059 1288 4137 repugnant.
1344 4053 1416 4118 Mea

183 4150 314 4233 quidem
342 4154 498 4216 sententia
520 4155 572 4217 161
602 4155 691 4218 haec
719 4176 797 4219 una
824 4175 885 4219 res
914 4155 954 4219 ad
983 4153 1257 4240 interpolationem
1286 4158 1416 4222 demon-

180 4254 342 4318 strandam
370 4254 496 4320 sufficit.
