3150 5056
675 266 884 327 ..35-

125 521 132 536 1
267 451 412 514 Primum
444 452 561 515 mirum
598 457 658 535 est,
689 454 773 536 quod
804 453 1063 517 exclamationem
1092 454 1314 520 Parmenonis:
1345 454 1398 521 ‘ut

165 556 263 620 falsus
285 553 428 620 animist'
450 558 646 620 aecusativus
675 576 748 621 oum
776 557 931 620 infinitivo
954 577 1018 621 non
1046 561 1197 642 sequitur,
1221 565 1257 623 ut
1277 562 1397 625 intelle-

166 665 273 744 gatur,
303 680 366 743 qua
399 660 432 722 in
465 680 500 723 re
534 660 656 739 Gnatho
688 660 820 723 fallatur.
873 659 994 725 Deinde
1029 681 1111 724 nova
1144 665 1284 745 quaestio
1313 664 1396 727 Gna-

129 759 131 763 ’
165 764 278 845 thoria,
306 767 472 847 postquam
506 764 599 826 modo
633 765 850 846 interrogavit:
882 759 952 827 ‘sed
987 766 1062 848 quid
1094 766 1219 830 videtur
1252 768 1311 830 hoo
1340 767 1397 830 tibi

154 864 411 952 mancupium?³
442 866 591 950 languida
624 872 678 930 est.
727 866 806 929 Turn
837 866 1042 931 Parmenonis
1076 852 1181 932 verba
1201 866 1277 933 ‘hoo
1309 889 1397 933 nuno

66 1007 72 1017 ·
165 968 280 1034 dioisl'
306 989 379 1034 oum
406 972 595 1054 praegressis
617 970 721 1034 verbis
747 990 811 1033 non
834 971 1006 1034 cohaerent.
1051 971 1134 1035 Nam
1157 991 1248 1035 nemo
1271 975 1393 1057 estqui

167 1078 256 1157 putet
278 1073 474 1136 Gnathonem
498 1075 754 1156 interrogantem:
780 1069 900 1148 ‘Quam
922 1071 1113 1138 hoo-esseP'
1134 1076 1193 1137 hoo
1216 1076 1318 1139 dioero
1340 1081 1395 1139 aut

166 1176 341 1261 significare
376 1177 520 1252 voluisse?
548 1176 715 1240 Chaeream
751 1197 824 1240 cunr
856 1196 946 1240 servo
977 1179 1089 1242 eiectos
1127 1198 1201 1244 esse.
1252 1178 1396 1263 Denique

162 1276 280 1343 ‘nune'
301 1282 498 1364 interpretari
525 1300 589 1343 non
610 1281 719 1364 possis,
742 1300 815 1342 oum
838 1300 948 1345 sensus
975 1283 1008 1344 in
1031 1281 1135 1345 addito
1158 1282 1305 1345 adverbio
1328 1302 1393 1346 non

168 1385 249 1447 insit.
295 1382 377 1458 Quid
407 1385 514 1448 enim?
542 1403 652 1446 servus
675 1389 764 1467 putat
792 1386 964 1467 parasitum
990 1391 1125 1469 postea
1151 1385 1281 1449 fortasse
1309 1385 1395 1449 aliud

164 1489 214 1551 his
249 1487 353 1550 verbis
386 1487 560 1572 significare
592 1488 704 1571 posse?
759 1486 882 1562 Quibus
915 1490 1018 1552 causis
1051 1490 1205 1552 adductus
1240 1509 1325 1570 sum,
1359 1495 1396 1552 ut

167 1592 253 1654 huno
278 1610 406 1654 versum
435 1591 473 1654 ab
500 1591 721 1675 interpolatore
746 1610 814 1655 esse
840 1592 1013 1676 profectum
1041 1599 1156 1676 putem
1202 1590 1272 1668 Quo
1300 1612 1395 1655 versu

167 1695 288 1759 sublato
324 1697 428 1759 omnia
461 1697 619 1779 aptissime
652 1698 734 1758 inter
766 1715 799 1759 se
833 1715 952 1758 conexa
981 1703 1068 1776 sunt,
1084 1733 1087 1738 ·
1101 1717 1172 1759 eum
1204 1716 1289 1759 nuno
1321 1716 1394 1758 oum

166 1798 371 1863 Parmenonis
394 1798 512 1862 verbis:
538 1795 600 1862 ‘Ut
621 1799 717 1862 falsus
740 1796 881 1862 animist'
903 1801 1099 1863 aecusativus
1122 1819 1196 1862 oum
1222 1799 1393 1862 infinitivo:

161 1899 295 1966 ‘eiectos
323 1904 397 1966 hino
428 1900 498 1966 nos³
528 1904 767 1986 coniungendas
797 1904 844 1965 sit.
894 1901 1018 1966 Seilieet
1051 1923 1161 1966 servus
1194 1903 1270 1966 haeo
1301 1903 1396 1966 verba

165 2008 332 2070 summissa
354 2026 430 2070 voce
456 2008 605 2090 loquitur,
628 2026 667 2069 ne
689 2007 843 2089 parasitus
871 2025 907 2068 ea
933 2006 1041 2069 audire
1068 2008 1178 2090 possit:
1210 2007 1293 2069 olara
1315 2025 1388 2068 vero

164 2130 239 2174 vooe
268 2113 424 2195 loquitur:
457 2106 611 2173 ‘omniurn
641 2130 756 2191 rerum,
787 2112 874 2191 hena,
903 2107 1138 2191 vicissitudost’,
1167 2110 1200 2173 id
1228 2110 1312 2193 quod
1343 2110 1393 2173 vel

167 2233 208 2277 ex-
235 2216 448 2279 interiectione
472 2211 582 2277 ‘heus'
609 2218 700 2297 patet.
1186 2201 1188 2206 ¹

206 2457 320 2522 Haut.
352 2457 413 2519 704
456 2455 579 2518 Bonam
615 2459 708 2539 atque
744 2457 860 2519 iustam
895 2474 961 2517 rem
999 2455 1138 2538 oppido
1171 2457 1331 2538 inperas
1365 2460 1396 2518 et

1150 2559 1235 2622 faotu
1263 2560 1394 2622 facilem.

267 2680 500 2765 Interpolatoris
523 2682 699 2764 vestigium,
721 2686 757 2744 ut
777 2681 886 2743 falsam
915 2682 947 2742 in
971 2700 1099 2744 caesura
1121 2681 1280 2743 elisionem
1304 2681 1394 2742 omit-

166 2791 238 2867 tam,
261 2787 311 2848 vel
340 2787 372 2847 in
400 2786 560 2869 particulis
585 2780 768 2867 ‘atque-et'
794 2784 1013 2867 deprehendas
1058 2783 1139 2846 Nam
1168 2785 1264 2846 trium
1292 2783 1393 2846 adieo·

165 2891 302 2952 tivorum
336 2890 468 2951 alterum
502 2891 720 2952 coniunotione
751 2885 885 2971 ‘atque³,
919 2889 1045 2951 tertium
1083 2889 1303 2950 coniunctione
1333 2882 1394 2948 ‘et'

164 2995 246 3055 inter
275 3012 308 3055 se
336 2993 475 3076 copulari
505 3013 523 3054 a
550 2992 715 3055 Latinitate
744 3012 872 3076 prorsus
902 2992 1039 3054 alienum
1068 2996 1121 3053 est.
1172 2990 1277 3070 Adde,
1307 2988 1392 3072 quod

165 3095 324 3158 collocatio
359 3095 497 3158 adverbii
528 3092 670 3179 ‘oppido'‚
705 3095 789 3179 quod
822 3115 884 3157 non
919 3114 993 3156 oum
1023 3090 1197 3177 ‘imperas',
1231 3092 1285 3155 sed
1319 3112 1392 3155 oum

164 3199 326 3262 adieetivis
352 3194 498 3262 ‘bonam'
525 3204 556 3261 et
580 3195 728 3262 ‘iustam'
758 3197 1013 3280 coniungendam
1044 3200 1098 3278 est,
1127 3196 1310 3258 insolentior
1338 3199 1393 3258 est.

167 3300 250 3376 Quid
273 3302 372 3365 dioam
397 3292 435 3366 de
464 3303 617 3365 sententia
643 3304 719 3385 ipsa,
742 3321 822 3385 quae
848 3302 940 3385 plane
968 3298 1103 3362 absurda
1125 3305 1179 3379 est,
1208 3300 1274 3362 sive
1296 3297 1391 3361 verba

166 3408 295 3489 ironica
322 3408 388 3469 sive
417 3426 480 3468 non
504 3407 620 3468 ironiae
650 3405 923 3490 interpretaberis?
943 3389 944 3392 ¹
962 3402 1107 3466 Ceterum
1139 3401 1246 3482 Clinia,
1277 3403 1303 3464 si
1332 3401 1392 3463 hoo

165 3510 295 3591 diceret,
332 3513 397 3594 ipse
430 3529 536 3572 seeum
567 3515 734 3594 pugnaret,
758 3511 905 3593 quoniam
937 3527 1049 3590 magna
1078 3526 1150 3569 oum
1186 3505 1390 3568 admiratione

100 3675 104 3682 ,
163 3613 209 3694 (of.
241 3634 270 3676 v.
301 3615 361 3676 702
396 3612 479 3688 Quid
512 3614 590 3691 aisl)
645 3612 716 3694 Syri
750 3613 915 3675 eonsilium
949 3611 1118 3674 audiverat.
1171 3607 1273 3685 Quare
1306 3609 1391 3670 huno

166 3737 291 3780 versum
321 3717 444 3780 Terenti
473 3736 540 3781 esse
567 3736 655 3800 nego.

204 3961 318 4026 Haut.
351 3961 431 4023 1001
468 3959 565 4023 Miror
599 3978 662 4021 uon
696 3960 779 4022 insse
812 3978 862 4022 me
895 3950 992 4021 ilioo
1026 3958 1176 4041 adripi:
1212 3956 1250 4019 ad
1284 3954 1390 4018 Mene-

417 4046 429 4072 *
990 4060 1117 4124 demum
1144 4061 1228 4122 huno
1254 4063 1390 4142 pergam.

267 4185 319 4249 Sic
345 4184 572 4266 Fleckeisenus,
600 4203 695 4267 quem
717 4183 894 4266 Wagnerus
921 4188 1047 4246 seoutus
1075 4187 1129 4262 est,
1157 4183 1241 4243 huno
1263 4199 1391 4243 versum

164 4291 195 4351 in
228 4289 316 4352 libris
347 4294 528 4372 corruptum
563 4289 667 4351 edidit.
719 4287 988 4370 Unrpfenbaohius
1022 4286 1161 4369 soripsit:
1197 4283 1295 4347 Miror
1327 4303 1391 4347 non

165 4394 237 4456 ilioo
268 4393 367 4477 adripi
394 4394 492 4455 insse:
528 4392 566 4454 ad
596 4391 816 4455 Menedemum
847 4391 932 4453 huno
961 4393 1102 4473 pergam,
1133 4390 1160 4452 si
1192 4406 1256 4451 non
1287 4391 1394 4450 eontra

166 4497 266 4583 legem
290 4497 458 4577 metricam,
474 4500 505 4559 at
525 4499 632 4560 miuus
653 4495 863 4582 probabiliter,
879 4494 962 4580 quod
987 4493 1133 4559 diaeresis
1156 4502 1243 4554 auto
1265 4510 1392 4574 gravem

1185 4610 1220 4667 3*
