3150 5056
625 297 835 359 ,21-

138 478 141 482 '
216 483 426 547 Transeamus
457 504 545 547 nuno
571 485 611 547 ad
639 486 712 549 illos
740 506 853 549 versus
883 489 1092 571 septenarios,
1122 492 1186 572 qui
1214 511 1348 576 noque

116 588 310 651 diaeresin
345 607 471 671 neque
513 608 715 652 caesuram
758 591 1036 654 secundariam
1072 592 1228 657 habent.
1287 594 1347 679 (Of.

117 691 262 773 Conradt,
294 691 343 754 die
370 698 458 754 metr.
481 690 697 776 Composition
728 692 783 756 der
805 690 977 757 Gomodien
1006 694 1061 758 des
1083 696 1201 760 Terenz
1228 718 1256 781 p.
1280 698 1345 781 25.)

158 797 252 860 Eun.
264 795 346 857 1015
362 794 444 858 Nam
461 795 539 879 quid
553 796 600 858 illi
615 796 717 859 credis
733 798 830 859 animi
845 802 915 860 turn
929 798 1037 879 fuisso,
1049 799 1106 862 ubi
1121 805 1241 865 vestem
1256 801 1345 865 vidit.

219 897 272 961 Sic
299 898 338 961 ab
367 898 515 963 omnibus
541 899 630 963 libris
656 919 729 962 mss.
752 901 914 983 proditum
942 906 996 964 est.
1041 901 1137 967 Recte
1163 905 1227 966 iarn
1248 904 1346 968 Bent-

116 1003 207 1085 leius,
239 1022 334 1086 quern
360 1001 583 1067 Fleckeisenus
611 1008 740 1067 secutus
769 1009 823 1086 est
851 1008 1060 1089 transposuit:
1090 1011 1160 1070 tum
1185 1009 1289 1072 animi.

159 1195 254 1260 Eun.
294 1193 374 1255 1021
416 1193 465 1255 Tu
500 1195 564 1256 iam
599 1192 766 1277 pendebis‚
804 1199 861 1277 qui
897 1194 1032 1258 stultum
1069 1195 1349 1261 adulescentulum

218 1400 324 1465 Locus
339 1404 507 1485 corruptus
530 1405 585 1463 est.
612 1399 777 1463 Bentleius
799 1400 945 1464 adnotat:
974 1397 1056 1466 ‘Cur
1078 1300 1349 1467 Chaerofflssslttdls-

116 1514 187 1572 turn
208 1512 308 1588 vocet,
330 1506 421 1568 nulla
446 1507 524 1568 ratio
554 1509 616 1584 est;
648 1523 744 1588 quem
770 1507 858 1568 intus
884 1507 954 1589 ipsa
975 1513 1107 1570 noverat
1128 1507 1261 1571 feliciter
1282 1527 1350 1571 rem

116 1630 233 1698 gerere.
276 1611 322 1673 At
351 1608 506 1672 Parmeno
538 1605 678 1671 stultus’.
725 1606 829 1683 Quare
859 1610 998 1692 scripsit:
1027 1604 1156 1692 ‘stulta
1187 1612 1243 1694 qui
1272 1611 1350 1674 adu-

116 1709 347 1780 lescentulum'.
384 1712 430 1775 At
452 1716 489 1774 ut
510 1710 594 1774 infra
618 1710 765 1794 pluribus
789 1711 1083 1793 demonstrabimus
1105 1714 1218 1776 ultima
1243 1714 1347 1778 littera

117 1820 236 1884 vocalis
259 1822 330 1881 ante
353 1816 508 1880 diaeresin
530 1815 605 1877 elidi
626 1834 692 1877 non
714 1816 794 1878 licet.
833 1813 937 1890 Quare
959 1816 1163 1879 scribendum
1185 1836 1345 1901 propono:

158 1925 208 1988 Tu
234 1925 297 1986 idm
325 1920 486 2006 pendebis‚
516 1920 620 2001 stulte,
648 1921 705 2002 qui
729 1919 733 2003 Η
759 1919 994 1983 adulescentem
1021 1920 1177 1984 nobilitas.

159 2115 231 2181 Ad.
256 2113 315 2175 711
345 2112 394 2175 Nc
415 2111 495 2174 forte
516 2109 701 2193 imprudens
723 2108 836 2170 faciam
861 2106 948 2191 quod
969 2108 1066 2170 nolit:
1096 2109 1198 2171 sciens
1222 2109 1348 2172 cavebo.

219 2217 259 2281 In
288 2215 450 2280 codicibus
479 2216 506 2279 B
531 2213 554 2277 C
576 2211 650 2277 FP
682 2222 744 2276 est:
779 2211 828 2275 Ne
857 2210 1044 2295 imprudens
1072 2211 1161 2292 forte,
1191 2211 1348 2275 llomisit

115 2319 231 2386 ‘forte'.
268 2320 434 2384 Bentleius
463 2321 532 2382 iure
560 2318 712 2380 conexit:
743 2314 792 2378 Ne
814 2314 999 2398 imprudens
1021 2314 1134 2377 faciam
1155 2314 1236 2378 forte
1260 2315 1347 2398 quod

118 2426 214 2490 nolit:
246 2426 348 2489 sciens
376 2422 502 2488 cavebo,

160 2617 252 2682 Hoc.
283 2614 345 2676 248
379 2611 441 2676 Sed
470 2614 536 2675 non
567 2611 653 2691 adeo,
681 2615 719 2672 ut
747 2609 879 2672 facilitas
913 2627 984 2670 mea
1016 2611 1196 2691 corrumpat
1221 2607 1351 2669 illorum

1220 2711 1350 2773 animos.

222 2822 274 2885 Sic
296 2822 327 2885 A
348 2820 378 2885 D
403 2820 438 2901 G,
467 2839 548 2904 quos
575 2817 672 2881 libros
695 2815 967 2899 Umpfenbachius
998 2815 1090 2897 sequi
1115 2834 1181 2877 non
1211 2813 1352 2877 debebat.

119 2927 249 3010 Reliqui
278 2926 401 2989 codices
431 2930 462 2988 et
489 2922 636 2987 Donatus
666 2923 701 2984 in
729 2921 875 2983 lemmate
904 2918 1055 3002 praebent
1081 2914 1168 2981 ‘mea
1196 2913 1351 2999 facilitas,

121 3051 203 3115 quae
225 3032 381 3114 scriptura
401 3029 453 3092 vel
476 3049 494 3090 a
515 3031 599 3090 recta
615 3024 872 3109 pronuntiatione
893 3022 1027 3085 facilitas
1046 3020 1352 3084 connnendationom

120 3135 221 3199 habet.
264 3133 377 3198 Merito
399 3132 564 3195 Bentleius
587 3135 617 3192 et
639 3128 861 3192 Fleckeisenus
884 3131 927 3188 ita
948 3129 1133 3210 posuerunt.

163 3324 282 3392 Andr.
306 3323 366 3385 715
399 3319 617 3405 Quapropter?
644 3316 656 3403 Η
681 3316 730 3381 Ita
754 3316 836 3379 facto
866 3334 946 3398 opus
973 3318 1027 3376 est.
1052 3311 1064 3398 Η
1090 3311 1222 3375 Matura.
1247 3309 1259 3396 Η
1284 3309 1353 3373 Iam

1020 3417 1153 3499 inquam
1174 3415 1226 3477 hio
1249 3413 1351 3476 adero,

224 3534 293 3596 Iam
324 3530 504 3610 Bentleius,
540 3547 636 3611 quern
673 3544 781 3588 omnes
815 3521 949 3586 editores
986 3521 1087 3582 secuti
1121 3523 1198 3582 sunt
1230 3521 1353 3600 praeter

122 3638 370 3716 Fleckeisenum,
394 3635 451 3717 qui
469 3629 532 3695 ‘at'
554 3638 627 3694 ante
645 3625 799 3692 ‘matina'
820 3626 963 3705 inseruit,
979 3643 1020 3687 ex
1042 3623 1182 3705 antiquis
1205 3620 1350 3684 editioni-

122 3742 184 3806 bus
214 3740 347 3823 recepit:
379 3737 460 3800 facto
489 3740 536 3799 est
564 3754 652 3818 opus.

165 3933 256 3998 Hoc.
280 3929 342 3991 249
367 3925 459 4003 Quod
482 3929 517 3988 tri
547 3925 575 3986 si
595 3922 680 3985 idem
706 3921 833 4001 iaceres,
863 3919 963 4001 magis
993 3917 1028 3978 in
1057 3933 1124 3977 rem
1155 3917 1187 3975 et
1215 3911 1355 3973 vostram

974 4025 1005 4084 et
1032 4023 1173 4080 nostram
1200 4013 1234 4076 id
1264 4015 1354 4077 esset.

225 4139 275 4202 Ita
308 4134 580 4220 Umpfenbachius
617 4149 746 4192 versum
784 4127 916 4210 scripsit.
974 4123 1044 4186 lam
1079 4118 1254 4182 Kraussius
1287 4111 1356 4178 ‘id’

125 4244 263 4309 sustulit.
313 4241 411 4304 Recte
444 4238 667 4302 Fleckeisenus
699 4233 872 4315 legitimam
906 4227 1060 4291 diaeresin
1092 4221 1245 4301 restituit,
1280 4237 1354 4282 eum

125 4349 264 4432 scripsit:
303 4345 396 4421 Quod
423 4349 459 4415 tu
487 4344 514 4413 si
541 4341 626 4410 idem
654 4338 781 4417 faceres,
809 4334 908 4417 magis
934 4333 969 4393 in
998 4347 1065 4392 rem
1094 4329 1125 4391 ot
1153 4327 1297 4390 nostram
1325 4324 1356 4384 et

124 4456 264 4518 nostram
287 4454 378 4521 esset.
