3150 5056
692 311 905 381 „13-

179 504 328 571 mulieres
350 526 417 570 non
442 525 544 588 nosse,
566 506 601 569 in
623 526 720 570 versu
747 526 945 591 praegresso:
981 503 1151 570 ‘Habitant
1177 505 1229 570 hic
1257 508 1412 591 quaedam

178 611 328 675 mulieres
361 608 588 695 pauperculae'
619 612 703 676 latet.
765 611 848 675 Nam
887 617 1031 695 apertum
1072 616 1119 675 est
1151 616 1272 694 patrem
1309 612 1412 675 dicere

178 716 327 779 mulieres
355 720 484 799 propter
510 720 726 799 paupertatem
748 715 909 779 Aeschino
940 717 1064 798 ignotas
1094 734 1163 779 esse
1192 716 1312 779 debere.
1358 715 1411 778 Li-

178 819 312 901 brarius,
350 821 407 903 qui
442 819 502 882 hoc
538 839 604 883 non
640 819 768 901 viderit,
805 839 922 882 novam
958 818 1088 883 alteram
1126 839 1254 882 causam
1291 819 1412 883 addidit

179 942 311 1006 eamque
338 924 485 1006 ineptam.
535 920 619 998 Quid
642 923 751 986 enim?
784 924 888 1006 potuit
915 928 1003 1007 pater
1030 927 1142 1007 putare
1168 922 1272 986 filium
1302 942 1410 986 omnes

177 1027 335 1108 mulieres
360 1046 440 1110 quae
464 1027 531 1089 diu
553 1026 696 1090 Athenas
718 1028 938 1110 migraverant,
962 1046 1115 1110 cognosse
1138 1026 1275 1090 debere?

284 1127 371 1205 Quos
395 1130 472 1193 alios
493 1149 607 1193 versus
628 1128 800 1213 Langenus
823 1131 937 1211 attulit,
954 1150 1007 1193 eos
1030 1131 1121 1194 aliter
1143 1130 1291 1213 equidem
1313 1131 1411 1193 inter-

177 1238 299 1317 pretor:
337 1234 437 1296 Andr.
466 1234 528 1296 808
559 1254 618 1317 sq.:
650 1229 749 1297 ‘Nam
777 1235 830 1317 pol
861 1236 888 1297 si
917 1234 950 1297 id
978 1236 1116 1316 scissem,
1146 1254 1324 1317 numquam
1352 1234 1411 1297 hac

177 1337 354 1400 tetulissem
376 1337 504 1421 pedem:
544 1335 674 1420 Semper
700 1338 784 1400 enim
812 1337 926 1400 dictast
951 1356 1019 1401 osse
1048 1338 1125 1401 haec
1151 1344 1247 1421 atque
1274 1338 1411 1400 habitast

178 1440 287 1504 soror'.
346 1440 430 1504 Crito
468 1461 534 1504 non
568 1460 617 1523 ec,
652 1441 739 1524 quod
770 1440 954 1522 Glycerium
988 1461 1111 1525 semper
1144 1461 1233 1505 soror
1263 1441 1347 1504 dicta
1380 1447 1412 1505 et

176 1545 283 1608 habita
313 1551 368 1627 est,
399 1545 462 1626 sod,
490 1551 528 1608 ut
554 1547 622 1628 ipse
653 1544 736 1626 dicit,
766 1545 852 1629 quod
879 1544 1064 1626 Glycerium
1092 1545 1236 1608 nondum
1265 1551 1410 1629 parentes

177 1669 253 1712 suos
278 1650 423 1733 repperit,
444 1648 576 1712 moleste
598 1632 668 1731 fert,
690 1649 776 1732 quod
798 1648 941 1712 Athenas
963 1651 1058 1713 venit.
1105 1648 1290 1712 Germanice
1312 1650 1411 1733 igitur

176 1772 242 1816 non
276 1758 324 1816 est
355 1752 568 1816 reddendum:
619 1752 724 1816 deun
756 1754 869 1816 immer
901 1755 943 1816 ist
980 1755 1025 1816 sie
1058 1753 1236 1816 Schwester
1268 1758 1410 1836 genennt

176 1856 314 1937 worden,
344 1856 415 1920 sed:
454 1858 496 1919 ist
522 1858 567 1920 sie
593 1858 632 1938 ja
660 1857 755 1920 doch
785 1862 862 1920 stots
892 1856 1070 1920 Sohwoster
1098 1862 1239 1940 genannt
1271 1857 1409 1920 worden.

175 1958 296 2023 Eadem
322 1962 400 2023 ratio
429 1965 476 2023 est
503 1960 640 2023 duorum
664 1961 805 2041 ,aliorum
836 1980 990 2024 versuum
1012 1982 1031 2023 a
1051 1959 1201 2044 Langeno
1232 1960 1408 2042 allatorum,

175 2064 210 2125 in
234 2063 351 2146 quibus
370 2060 419 2126 ‘et
441 2061 539 2126 enim'
560 2064 691 2147 legitur:
722 2063 819 2126 Haut.
843 2064 902 2126 547
928 2084 973 2148 sq.
993 2061 1114 2127 ‘Facile
1137 2064 1285 2147 equidem
1307 2064 1409 2128 facere

175 2185 315 2250 possum,
344 2168 371 2229 si
397 2166 497 2248 iubeS,
527 2166 675 2230 Etenim
699 2172 875 2251 quopacto
903 2167 936 2229 id
962 2166 1031 2230 fieri
1054 2168 1152 2230 soleat
1175 2164 1295 2230 calleo’.
1338 2167 1409 2231 Hoc

177 2289 306 2354 quoque
334 2270 403 2333 loco
433 2270 623 2334 vertendum
652 2291 718 2333 uon
745 2276 806 2334 est:
851 2270 956 2334 donn
983 2270 1035 2333 ich
1063 2271 1220 2352 verstehe,
1250 2272 1311 2334 wie
1341 2271 1408 2334 dies

175 2374 320 2457 gemacht
351 2394 393 2437 zu
421 2374 550 2438 werden
583 2373 693 2458 pflegt,
729 2374 800 2438 sed:
842 2374 919 2437 und
952 2374 1134 2456 fiirwahr,
1167 2375 1219 2438 ioh
1253 2375 1406 2456 verstehe,

175 2479 245 2540 wie
268 2527 352 2540 .....
397 2476 533 2541 Gravius
555 2479 655 2561 igitur
675 2484 747 2561 post
765 2474 887 2541 ‘iubes’
910 2477 1173 2561 distinguendum
1195 2483 1226 2541 et
1249 2474 1292 2541 ‘et
1314 2475 1408 2540 enim'

178 2580 304 2644 duobus
328 2580 433 2643 verbis
456 2581 660 2644 scribendum
683 2586 738 2645 θεῖ.

277 2684 370 2748 Alter
399 2685 489 2747 locus
523 2690 570 2748 est
599 2684 700 2747 Andr.
722 2685 784 2746 441
815 2704 876 2768 sq.:
901 2681 1043 2748 ‘Deinde
1073 2685 1211 2748 desinet:
1249 2684 1291 2748 Et
1322 2687 1407 2749 enim

174 2788 263 2870 ipsus
287 2807 355 2850 earn
382 2807 450 2850 rem
473 2807 582 2851 secum
609 2789 769 2871 reputavit
790 2785 863 2850 via’.
902 2785 965 2863 Qui
986 2808 1099 2852 versus
1125 2790 1202 2852 item
1228 2790 1407 2871 germanice

173 2891 429 2975 interpretandus
459 2897 520 2955 cst:
565 2890 651 2955 Und
682 2893 847 2975 gewiss,
878 2911 912 2955 er
937 2893 1042 2968 selber
1068 2893 1122 2955 hat
1149 2892 1199 2955 die
1227 2891 1326 2954 Sache
1355 2891 1407 2954 bei

174 2995 241 3057 sich
271 2995 402 3077 gohorig
423 2995 575 3078 iiberlegt.
625 2994 686 3057 His
709 2997 862 3079 expositis
893 2995 1105 3059 dubitandum
1138 3015 1204 3059 nou
1234 3000 1295 3076 ost,
1327 2997 1406 3079 quin

175 3100 331 3181 particula
349 3095 466 3163 ‘enim'
487 3098 572 3182 apud
594 3099 776 3162 Terentium
803 3118 966 3183 semper
987 3099 1238 3162 affirmative
1260 3104 1404 3183 ponatur.

276 3201 358 3266 Satis
391 3203 509 3265 multas
542 3203 620 3265 mihi
651 3201 762 3265 videor
794 3204 938 3266 attulisse
972 3222 1091 3284 causas,
1125 3222 1183 3266 our
1214 3204 1287 3266 illos
1322 3202 1403 3265 duos

173 3324 286 3369 versus
308 3306 384 3370 Hec.
409 3307 472 3368 834
501 3326 547 3388 sq.
574 3305 613 3368 ab
644 3305 746 3368 aliena
775 3326 873 3368 manu
903 3305 1026 3368 additos
1056 3325 1124 3369 θεεθ
1155 3305 1403 3369 existimandum

173 3409 227 3488 sit3
259 3409 377 3492 quibus
400 3409 510 3472 deletis
538 3411 644 3472 omnia
664 3411 699 3471 in
722 3429 866 3472 sermone
888 3409 1054 3473 Bacchidis
1082 3410 1242 3493 aptissime
1263 3411 1348 3472 inter
1370 3427 1404 3472 εθ

172 3531 293 3576 conexa
315 3519 399 3576 sunt.

213 3703 304 3768 Hoc.
329 3702 390 3765 790
414 3722 460 3786 sq.
490 3701 556 3766 LA.
579 3703 624 3766 At
653 3702 730 3765 hado
759 3703 876 3765 amicae
904 3705 1012 3783 erunt,
1047 3700 1104 3764 ubi
1137 3721 1234 3784 quam
1266 3701 1305 3764 ob
1336 3720 1403 3765 rem

1037 3805 1202 3868 adveneris
1225 3809 1401 3869 resciscent.

212 3908 280 3974 PH.
303 3910 349 3973 At
371 3910 497 3974 easdem
519 3911 635 3973 amicas
656 3910 723 3973 fore
745 3909 803 3973 tibi
824 3913 983 3993 promitto,
1004 3928 1071 3973 rem
1093 3908 1151 3972 ubi
1173 3910 1347 3991 cognorint.

272 4029 313 4093 ln
342 4030 497 4095 Bembino
529 4031 636 4094 codice
668 4033 823 4114 posterior
853 4049 967 4094 versus
1001 4030 1097 4112 deest,
1131 4050 1226 4114 quem
1255 4028 1402 4093 Donatus

170 4135 320 4218 agnoscit.
373 4134 538 4199 Bentleius
572 4135 630 4198 hos
664 4135 745 4197 duos
774 4153 887 4198 versus
920 4155 939 4197 a
966 4134 1110 4198 Terentio
1143 4133 1299 4217 profectos
1333 4152 1402 4197 esse

169 4240 288 4302 statuit.
332 4238 406 4302 Non
428 4244 512 4302 recte
534 4239 568 4301 id
591 4238 728 4322 quidem.
771 4237 853 4300 Nam
875 4237 945 4300 fieri
969 4257 1036 4301 non
1057 4256 1150 4321 posse
1172 4237 1337 4318 contendo,
1364 4243 1402 4300 ut

169 4341 265 4405 verba
293 4341 443 4425 Phidippi
469 4342 562 4423 idem,
592 4341 678 4425 quod
705 4339 834 4421 Laches,
862 4340 1013 4404 Bacchidi
1039 4341 1251 4423 promittentis
1278 4342 1355 4404 item
1384 4361 1402 4403 a

167 4447 323 4529 particula
344 4441 409 4509 ‘at'
434 4448 594 4530 incipiant,
624 4451 661 4509 ut
685 4443 839 4525 Lachetis,
869 4445 925 4527 qui
953 4449 1025 4506 ante
1052 4443 1245 4527 Phidippum
1273 4445 1401 4507 locutus

168 4554 230 4628 est;
267 4551 331 4612 nisi
359 4549 439 4612 forte
469 4550 541 4631 quis
570 4548 650 4611 duos
683 4566 773 4610 senes
803 4566 869 4609 uno
900 4545 1074 4629 eodemque
1105 4551 1244 4630 tempore
1276 4547 1400 4609 locutos
