3150 5056
683 333 895 406 -18-

171 527 384 599 secundum
405 534 574 618 priorem
599 537 634 595 et
656 551 783 595 veram
813 533 1094 614 narrationem,
1126 551 1223 615 quae
1245 526 1404 596 Terenti

171 643 242 720 est,
267 636 433 700 Chaerea
456 635 587 700 scelus
609 636 846 698 commiserit
869 653 909 698 00
940 639 1120 718 tempore,
1143 654 1228 697 cum
1249 636 1404 718 puellae

171 740 342 821 aberant,
380 745 422 803 ut
458 723 693 802 lavationem
737 738 979 801 adornarent.
1038 738 1250 822 interpolator
1285 745 1402 821 contra,

173 843 259 927 quod
296 845 509 906 narrationem
546 842 660 905 ducere
697 843 813 923 101011,
849 841 972 905 facinus
1009 843 1044 904 in
1079 843 1238 925 posterius
1277 847 1403 927 tempus

172 947 295 1010 differre
317 951 444 1009 coactus
467 951 540 1010 erat.
583 945 697 1029 ltaque
726 946 856 1008 ancillas
884 945 1052 1009 redeuntes
1073 945 1156 1027 facit,
1185 952 1222 1010 ut
1246 948 1402 1030 virginem

170 1051 313 1114 lavatum
334 1055 535 1114 arcesserent.
571 1050 653 1112 Tum
675 1048 873 1131 Philumena,
895 1054 1064 1133 postquam
1086 1050 1172 1130 lavit,
1194 1051 1229 1112 in
1253 1050 1403 1114 conclave

171 1154 252 1218 redit
274 1159 305 1217 et
324 1155 359 1216 in
381 1155 462 1217 lecto
485 1153 669 1217 conlocatur
691 1153 732 1236 (v.
757 1154 826 1216 592.
852 1152 934 1234 593).
979 1151 1041 1215 Sed
1063 1152 1228 1216 videamus
1250 1153 1291 1235 id,
1316 1154 1403 1237 quod

171 1257 326 1340 posterior
351 1261 444 1340 00510
469 1257 600 1338 invenit,
622 1260 659 1319 ut
686 1256 815 1319 ancillas
844 1275 957 1318 rursus
980 1262 1170 1319 removeret:
1209 1276 1284 1319 nam
1304 1258 1403 1320 illae

172 1360 423 1423 discederent
452 1378 581 1423 necesse
609 1364 687 1440 erat,
720 1364 757 1421 ut
787 1357 923 1422 Chaerea
952 1359 1040 1421 solus
1071 1378 1145 1422 cum
1173 1359 1240 1422 sola
1264 1361 1299 1422 in
1328 1380 1402 1424 con-

172 1462 254 1527 clavi
281 1464 522 1547 relinqueretur.

274 1567 383 1650 Atque
409 1568 445 1629 in
467 1567 589 1630 sincera
616 1567 804 1629 narrationis
826 1572 914 1649 parte
942 1571 1036 1650 poeta
1057 1567 1180 1648 puellas
1207 1566 1403 1630 discedentes

171 1670 246 1733 10011
277 1689 358 1753 quae
392 1669 553 1750 adornent,
587 1674 624 1733 ut
651 1668 841 1733 Philumena
872 1670 965 1751 lavet,
997 1689 1077 1753 quae
1109 1689 1205 1733 causa
1233 1689 1269 1733 eo
1302 1671 1404 1754 001101

172 1777 227 1854 051,
251 1773 337 1856 quod
359 1773 449 1856 virgo
472 1772 548 1835 foris
570 1773 604 1834 in
628 1772 758 1836 domum
779 1772 873 1835 modo
896 1771 1032 1835 deducta
1054 1777 1109 1836 est.
1149 1770 1252 1848 Quam
1274 1792 1403 1836 causam

170 1877 326 1960 posterior
361 1881 454 1960 00510
491 1877 683 1959 excogitavit
718 1875 925 1939 discedendi?
976 1874 1097 1959 Nempe
1134 1875 1251 1938 aliam?
1299 1874 1402 1939 Immo

172 1979 302 2043 eandem
326 1979 407 2043 fere:
445 1978 571 2061 abeunt,
600 1984 636 2043 01
663 1980 749 2063 ipsae
777 1980 932 2043 laventur.
976 1978 1139 2061 Abundat,
1168 1978 1269 2061 credo,
1296 1998 1402 2043 novus

170 2087 264 2167 00510
296 2084 493 2163 inventione,
528 2084 645 2166 quippe
674 2084 730 2166 qui
759 2083 797 2146 de
826 2102 885 2147 suo
913 2083 994 2146 nihil
1021 2083 1114 2146 addat
1142 2088 1173 2147 et
1202 2083 1310 2147 eadem
1338 2083 1403 2148 fere

171 2187 287 2250 veteris
315 2191 426 2270 poetae
456 2205 552 2249 causa
582 2185 719 2249 abeundi
748 2187 862 2249 iterum
893 2187 1017 2250 utatur!
1065 2184 1267 2270 Omninoque
1296 2205 1403 2250 novus

170 2294 263 2373 poeta
291 2290 419 2353 lavandi
446 2289 666 2373 perstudiosus
698 2289 797 2353 fuisse
824 2290 963 2371 videtur,
993 2310 1067 2353 nam
1093 2290 1218 2373 puellae
1248 2289 1403 2355 Chaereae

171 2413 312 2477 quoque,
346 2398 383 2456 ut
419 2398 528 2477 postea
563 2393 688 2456 lavetur
719 2394 907 2476 permittunt
944 2392 1020 2475 (Ubi
1056 2412 1115 2456 nos
1139 2393 1336 2476 laverimus,
1375 2396 1403 2458 si

171 2498 268 2579 voles,
296 2498 400 2560 lavato
430 2517 459 2559 1.
492 2497 572 2578 596).

274 2597 343 2681 Sed,
371 2601 398 2662 si
428 2604 591 2683 exspectes
620 2601 876 2683 interpolatorem
904 2601 1056 2664 continuo
1089 2602 1219 2665 ancillas
1249 2601 1402 2665 abeuntes

170 2701 312 2766 lavatum
334 2703 443 2785 facere,
465 2703 668 2766 vehementer
690 2722 782 2766 erres.
826 2702 912 2766 111011
938 2704 1023 2766 enim
1048 2705 1153 2768 solum
1175 2704 1342 2788 spectabat,
1365 2711 1403 2768 01

171 2808 293 2869 animos
325 2806 523 2869 audientium
552 2808 619 2870 sive
648 2807 823 2890 legentium
857 2811 977 2870 erectos
1008 2827 1244 2892 suspensosque
1273 2826 1402 2891 exspec-

172 2911 290 2973 tatione
318 2909 462 2973 redderet
496 2914 591 2993 atque
623 2910 813 2973 narrationis
843 2912 965 2973 exitum
995 2932 1090 2995 quam
1117 2910 1302 2996 longissime
1330 2931 1402 2995 pro·
1435 2905 1438 2909 ’

170 3014 272 3076 ferret.
318 3012 421 3089 Quam
450 3013 489 3076 ob
519 3033 586 3076 rem
614 3012 652 3076 de
683 3013 792 3077 ordine
820 3033 927 3076 rerum
956 3015 1090 3078 ornandi
1119 3034 1215 3078 causa
1245 3015 1403 3078 declinare

172 3121 266 3200 atque
292 3118 428 3181 mediam
456 3118 667 3180 narrationem
690 3119 920 3201 interrumpere
948 3124 1076 3182 coactus
1102 3123 1156 3182 est.
1201 3118 1402 3182 Adulescens

170 3221 270 3304 igitur
292 3220 454 3284 flabellum
476 3240 586 3304 capere
608 3221 745 3302 iubetur,
768 3226 805 3284 01
826 3220 995 3284 ventulum
1018 3222 1136 3305 virgini
1159 3221 1288 3285 cubanti
1310 3222 1404 3286 100101

172 3324 212 3407 (v.
236 3325 325 3406 591),
349 3324 434 3407 quod
456 3326 554 3387 tristis
583 3326 694 3408 accipit
717 3325 756 3406 (1.
781 3325 861 3406 596).
905 3323 976 3388 Ηο0
1002 3326 1072 3389 1000
1094 3326 1237 3410 Antipho
1265 3327 1402 3390 amicum

171 3432 351 3491 narrantem
381 3428 431 3490 his
461 3427 566 3491 verbis
596 3427 785 3511 alloquitur:
829 3424 925 3491 ‘Tum
954 3428 1100 3512 equidem
1132 3430 1217 3493 istuc
1247 3448 1282 3493 os
1313 3434 1402 3492 tuom

171 3531 341 3615 impudens
374 3530 481 3594 videre
514 3533 649 3594 nimium
682 3532 809 3614 vellem,
843 3530 906 3607 our
939 3538 1021 3596 esset
1054 3533 1168 3616 status,
1202 3531 1403 3597 flabellulum

173 3632 278 3715 (Codd.
309 3633 485 3719 flabellum)
513 3639 620 3698 tenere
653 3640 683 3698 te
717 3636 843 3698 asinum
876 3633 1020 3698 tantum?
1073 3635 1403 3700 Animadvertendum

173 3743 220 3801 est
242 3737 379 3801 ermdem
401 3737 626 3821 Antiphonem,
650 3740 706 3822 qui
728 3760 746 3802 a
767 3744 860 3822 00510
882 3758 918 3802 eo
946 3744 1071 3802 tantum
1093 3740 1224 3803 consilio
1249 3738 1402 3803 inductus

173 3847 228 3924 est,
257 3862 298 3905 ne
326 3839 463 3905 Chaerea
493 3861 600 3905 secum
630 3842 822 3925 loqueretur,
851 3841 906 3906 sed
935 3848 972 3906 ut
999 3842 1128 3907 haberet
1156 3844 1209 3907 001
1234 3862 1302 3907 rem
1329 3862 1402 3906 nar-

172 3950 262 4027 raret,
285 3950 316 4009 et
339 3965 433 4029 quem
455 3945 621 4008 Terentius
643 3947 677 4007 in
705 3947 884 4010 narratione
907 3966 966 4010 sua
987 3947 1096 4030 paucis
1119 3947 1225 4011 verbis
1252 3951 1283 4010 01
1303 3947 1401 4010 inter-

172 4048 389 4131 rogationibus
411 4048 664 4132 interpellantem
685 4049 767 4131 10011,
791 4049 922 4132 (0111111
945 4052 1005 4114 tu?
1028 4071 1056 4112 v.
1074 4050 1145 4131 567,
1169 4048 1253 4126 Quid
1275 4049 1309 4113 id
1331 4049 1401 4114 est?

172 4171 201 4215 1.
219 4152 289 4234 571,
313 4153 374 4215 Pro
397 4151 604 4215 Eunuchou?
627 4153 744 4234 1573,
767 4151 851 4216 Cui?
875 4153 998 4216 tibine?
1022 4175 1051 4216 v.
1068 4154 1139 4235 577,
1159 4153 1264 4218 Μ1501.
1280 4174 1309 4216 v.
1328 4153 1400 4234 580)

171 4254 230 4318 hoc
263 4256 331 4319 loco
364 4255 488 4319 duobus
521 4257 594 4319 totis
627 4256 771 4320 versibus
801 4258 973 4321 orationem
1006 4259 1242 4342 interrumpere.
1293 4258 1341 4320 Ac
1373 4257 1401 4320 si

172 4359 243 4441 quis
266 4378 453 4442 cognoscere
475 4360 559 4441 velit,
587 4364 742 4442 quantum
765 4361 932 4424 discrimen
958 4361 1041 4424 inter
1061 4366 1198 4426 veterem
1221 4366 1252 4426 et
1280 4379 1401 4423 novum

170 4466 294 4544 poetam
328 4462 512 4544 intercedat,
545 4463 640 4525 velim
673 4468 844 4546 comparet,
879 4482 959 4546 quae
992 4465 1154 4529 Terentius
1184 4464 1401 4548 Antiphonem

169 4566 203 4628 in
240 4565 398 4627 simillima
435 4584 468 4629 re
505 4585 541 4628 ac
578 4566 756 4630 conditione
793 4566 948 4630 dicentem
983 4566 1083 4632 faciat.
1139 4565 1292 4631 Chaereae
1326 4585 1401 4630 cum
