3150 5056
705 275 917 337 ..10-

195 465 390 530 Terentianis
411 486 440 550 p.
464 466 513 528 24.
557 464 723 527 Bentleius
745 464 864 529 frustra
886 483 1012 565 operam
1042 465 1102 546 dat,
1125 471 1162 529 ut
1189 468 1275 531 hunc
1298 488 1429 555 versum

196 571 340 654 corrigat.
893 600 894 603 ¹

298 758 420 822 Eodem
446 759 540 821 modo
571 756 609 821 ab
636 758 861 841 interpolatore
889 759 948 821 hoc
976 719 1177 822 enuntiatum
1206 759 1301 823 finale
1329 760 1429 844 idque

196 863 315 947 duplex
346 868 377 925 et
407 861 632 925 affirmativum
664 866 695 925 et
722 863 906 944 negativum
935 862 1092 925 adiectum
1121 866 1185 925 est:

237 968 390 1032 Phorm.
405 967 479 1029 794:
497 965 542 1030 Ut
556 966 659 1048 possis
671 985 743 1057 cum
759 965 822 1046 illa,
836 968 878 1029 ne
893 970 923 1030 te
939 965 1125 1029 adulescens
1141 966 1257 1039 mulier
1269 966 1424 1051 defettget.

297 1087 537 1168 Nausistratam,
565 1085 738 1150 Chremetis
765 1106 909 1168 uxorem,
935 1086 1099 1170 Demipho,
1123 1085 1296 1151 Chremetis
1323 1088 1428 1170 frater,

195 1191 338 1273 adducit,
361 1272 363 1281 ,
383 1211 464 1275 quae
501 1211 575 1255 eum
612 1190 732 1253 Phanio
776 1191 978 1274 colloquatur
1014 1192 1107 1274 cique
1143 1191 1344 1275 persuadeat,
1389 1198 1428 1256 ut

195 1295 381 1358 Phormioni
410 1293 518 1357 nubat.
570 1294 608 1357 In
638 1295 750 1357 itinere
781 1313 883 1357 sermo
912 1295 946 1356 in
977 1293 1146 1358 effusiones
1173 1292 1346 1358 Chremetis
1377 1297 1427 1358 in-

195 1399 285 1480 cidit,
327 1403 364 1462 ut
399 1398 599 1462 Nausistrata
640 1400 688 1461 ira
730 1400 831 1481 magis
875 1399 1040 1481 magisque
1083 1399 1279 1462 incendatur.
1345 1398 1426 1463 Eius

196 1505 338 1567 animum
361 1507 553 1566 commotum
573 1501 728 1585 Demipho
752 1522 787 1565 eo
810 1503 934 1585 placare
956 1501 1071 1584 studet,
1095 1501 1181 1585 quod
1204 1504 1233 1566 ei
1255 1504 1428 1567 assentitur
1523 1549 1528 1558 -

196 1607 333 1688 (Scilicet
352 1606 390 1669 V.
414 1608 484 1688 792,
508 1605 599 1669 Certo
622 1607 686 1670 scio
702 1605 741 1669 V.
759 1607 840 1688 793).
884 1605 1048 1669 Postremo
1071 1607 1150 1688 petit
1171 1605 1210 1669 ab
1233 1625 1277 1688 ea,
1300 1613 1337 1670 ut
1359 1610 1428 1691 ipsa

197 1710 257 1775 sibi
272 1717 378 1794 parcat
393 1711 504 1793 (Parce
527 1710 618 1774 sodes
633 1710 672 1773 V.
690 1711 773 1792 793),
790 1710 909 1773 scilicet
931 1709 1085 1772 simulans
1104 1729 1138 1773 se
1153 1728 1222 1773 eam
1237 1711 1363 1793 hortari,
1386 1731 1427 1775 ne

195 1816 311 1878 mulier
332 1816 430 1878 nimia
452 1815 549 1877 animi
571 1815 781 1877 commotione
806 1812 867 1876 sibi
889 1818 1007 1894 noceat,
1031 1832 1065 1877 re
1087 1832 1163 1876 vera
1183 1832 1225 1877 ne
1246 1815 1313 1896 ipse
1335 1814 1428 1898 plura

197 1939 238 1983 ex
261 1938 297 1982 ea
319 1917 435 2000 audiat,
457 1919 640 2001 praesertim
663 1937 736 1980 cum
763 1936 830 1979 non
851 1918 983 2000 ignoret,
1007 1916 1045 1980 ad
1069 1916 1156 2001 quod
1184 1917 1279 1981 frater
1305 1917 1429 1982 reditus

197 2043 237 2087 ex
266 2023 357 2085 bonis
392 2022 569 2084 contulerit.
623 2019 711 2083 Haec
741 2021 846 2083 omnia
877 2021 960 2083 inter
990 2039 1023 2083 se
1056 2025 1121 2083 tam
1153 2026 1223 2104 apte
1252 2021 1428 2105 cohaerent,

196 2134 321 2190 utnon
348 2126 559 2208 intellegatur,
583 2145 646 2208 qua
674 2143 708 2187 re
730 2125 846 2208 aliquis
873 2123 1021 2187 librarius
1044 2123 1202 2188 adductus
1225 2127 1275 2207 sit,
1298 2129 1335 2188 ut
1357 2131 1430 2210 post

192 2227 309 2294 ‘Parce
343 2225 449 2293 sodes'
482 2230 569 2291 hunc
598 2248 744 2291 versum:
787 2223 850 2291 ‘Ut
884 2229 986 2311 possis
1021 2266 1063 2274 -
1097 2225 1257 2312 defetiget²
1292 2229 1428 2312 adderet,

198 2354 261 2420 quo
291 2334 371 2398 nihil
399 2335 539 2416 ineptius
566 2333 646 2417 fingi
674 2336 784 2416 potest.
838 2332 891 2394 An
920 2352 994 2396 rero
1026 2333 1197 2416 quisquam
1227 2335 1308 2397 serio
1338 2338 1430 2417 putat

196 2440 342 2504 futurum
371 2457 447 2519 esse,
475 2444 512 2501 ut
533 2437 741 2518 Nausistrata,
765 2438 792 2499 si
814 2438 920 2499 virum
948 2455 1096 2499 accusare
1122 2441 1274 2520 pergeret,
1301 2443 1429 2523 propter

198 2544 451 2626 defetigationem
479 2561 553 2604 cum
577 2540 698 2604 Phanio
722 2541 862 2624 colloqui
883 2560 949 2603 non
964 2540 1093 2623 posset?
1130 2540 1263 2604 Accedit
1286 2541 1373 2624 quod
1394 2543 1429 2604 in

198 2648 338 2710 oratione
374 2648 443 2730 ipsa
478 2646 635 2709 nonnulla
664 2644 869 2707 offensionem
903 2643 1026 2707 habent.
1080 2643 1125 2707 Ut
1153 2664 1219 2707 non
1258 2644 1361 2707 dicam
1395 2647 1430 2707 in

196 2753 256 2815 hoo
285 2770 382 2814 versu
413 2770 479 2814 uno
509 2749 572 2813 duo
601 2749 709 2812 finalia
739 2749 903 2812 enuntiata
930 2767 964 2811 se
991 2749 1144 2831 excipere,
1174 2753 1205 2813 et
1232 2749 1430 2812 infinitivum

193 2852 313 2939 ‘loqui’
335 2860 407 2938 post
425 2851 515 2917 ‘oum
538 2850 607 2916 illa³
628 2852 880 2936 intellegendum
902 2871 984 2916 esse:
1019 2852 1110 2935 illud,
1134 2852 1220 2936 quod
1242 2852 1429 2917 adulescens
1467 2884 1471 2891 ·

196 2978 270 3023 cum
286 2959 485 3022 substantivo
500 2958 624 3040 generis
646 2956 791 3020 feminini
805 2956 864 3019 hoc
886 2956 955 3019 loco
972 2957 1186 3040 coniungitur,
1208 2961 1272 3020 tam
1286 2956 1428 3021 insolens

197 3069 244 3126 est
274 3063 383 3145 (semel
412 3066 537 3125 tantum
563 3058 624 3122 Cic.
652 3059 749 3124 divin.
773 3059 789 3122 I
813 3059 852 3121 36
875 3058 1024 3143 legitur:v
1045 3060 1144 3123 filiam
1173 3059 1430 3142 adulescentem),

196 3171 234 3231 ut
260 3166 312 3229 vel
342 3167 381 3229 ob
410 3184 478 3228 earn
509 3183 577 3227 rem
604 3182 717 3226 versus
750 3164 785 3225 in
819 3164 1031 3246 suspicionem
1061 3163 1224 3226 vocandus
1256 3164 1303 3226 sit.
1355 3162 1428 3226 Fre·

198 3272 350 3354 quentius
381 3276 486 3332 autem
512 3269 547 3330 in
579 3269 648 3350 ipso
676 3266 740 3329 fine
771 3285 901 3329 scaenae
934 3267 972 3330 ab
1006 3267 1285 3351 interpolatoribus
1317 3286 1430 3330 versus

198 3375 335 3438 adiectos
370 3392 438 3437 esse
470 3374 505 3435 in
539 3372 753 3455 disputatione
785 3389 871 3432 mea:
917 3369 976 3435 Die
1011 3371 1207 3455 strophische
1235 3370 1430 3454 Gliederung

196 3481 231 3543 in
254 3478 316 3541 den
339 3477 530 3540 stichischen
552 3475 699 3538 Partieen
722 3473 776 3537 des
798 3474 964 3538 Terentius
987 3474 1196 3557 (Fleckeiseni
1218 3473 1322 3539 annal.
1347 3474 1430 3538 1884

196 3604 225 3666 p.
253 3582 329 3664 307)
359 3599 463 3665 nuper
496 3579 598 3645 docui.

286 3770 354 3834 nis
382 3771 583 3833 accusativus
606 3788 679 3831 cum
701 3767 860 3831 infinitivo
884 3768 922 3831 ab
946 3769 1169 3854 interpolatore
1192 3769 1300 3851 aliquo
1322 3768 1429 3852 expla-

196 3875 296 3939 nandi
317 3894 413 3938 causa
435 3872 562 3936 additus
585 3877 647 3935 est:

240 3981 353 4044 Haut.
379 3979 439 4041 702
464 3998 509 4061 sq.
532 3977 651 4059 Aperte
672 3978 717 4039 ita
738 3981 775 4039 ut
796 3995 847 4040 res
870 3980 939 4041 sose
961 3976 1054 4039 habet
1075 3978 1210 4039 narrato.
1248 3974 1308 4039 CL.
1346 3974 1431 4050 Quid

1097 4080 1168 4142 ais?
1206 4078 1268 4144 SY.
1312 4077 1429 4142 Iubeo:

240 4187 333 4249 Illam
356 4192 386 4249 te
409 4203 513 4248 amare
535 4189 566 4248 et
588 4183 670 4247 velle
693 4203 836 4265 uxorem,
858 4185 940 4246 hanc
962 4185 1031 4246 osse
1054 4181 1250 4265 Clitiphonis.

300 4307 402 4388 Syrus
440 4306 560 4371 Cliniae
604 4305 793 4390 persuadere
830 4305 949 4386 studet,
987 4309 1023 4367 ut
1058 4305 1141 4388 patri
1178 4310 1282 4388 aperte
1324 4309 1432 4368 narret

197 4410 386 4474 Bacchidem
428 4430 496 4474 esse
534 4409 731 4494 Clitiphonis,
767 4407 966 4491 Antiphilam
1007 4427 1076 4471 esse
1118 4427 1216 4472 suam.
1273 4403 1431 4491 tAperte',

197 4514 311 4603 inquit,
331 4509 391 4578 ‘ita
412 4518 450 4577 ut
472 4533 522 4579 res
552 4533 620 4581 esse
646 4511 752 4596 habet,
783 4507 929 4580 narrato?
971 4511 1052 4580 num
1076 4510 1177 4580 Clinia
1204 4509 1428 4578 mirabundus:
