3150 5056
507 290 836 370 '-33·--

117 478 280 537 venturam
311 493 393 557 esse,
423 475 477 538 sed
505 495 568 539 non
591 477 723 539 veniam.
767 475 994 561 Nihilominus,
1025 499 1218 564 quamquam
1246 475 1351 545 omnia

117 577 208 641 facile
240 578 379 661 intellegi
405 584 544 662 possunt,
571 579 605 641 hi
634 581 696 643 duo
724 599 835 644 versus
863 587 933 665 post
951 579 1083 647 ‘vemet'
1106 585 1192 667 (725)
1221 590 1251 648 et
1279 590 1350 648 ante

113 677 306 765 ‘Decipiam'
328 683 411 763 (728)
433 684 581 746 inculcati
603 689 690 746 sunt:

160 803 228 866 Aut
250 807 324 866 edm
346 809 511 867 venturam
534 804 668 868 dixero
691 811 727 868 et
749 811 948 889 constituero,
970 827 1044 870 oum
1066 810 1093 872 is
1115 812 1188 872 vere

161 904 369 987 Rendntiarit,
392 905 524 990 Onopho
548 927 621 970 cum
643 909 675 969 in
699 911 754 991 spe
775 909 922 992 pendebit
944 912 1048 974 animi.

219 1029 256 1091 ln
288 1034 436 1112 promptu
469 1035 515 1091 est
548 1030 597 1092 his
630 1029 754 1092 duobus
787 1033 967 1115 septenariis
1000 1034 1124 1116 planius
1157 1033 1190 1095 id
1224 1033 1348 1115 exponi,
1380 1020 1384 1026 ⁴

117 1133 201 1216 quod
239 1134 272 1194 in
306 1128 488 1216 ‘decipiam'
524 1134 626 1196 inesse
658 1133 751 1196 modo
788 1134 935 1199 diximus.
988 1135 1134 1200 Ceterum
1170 1120 1220 1200 vel
1249 1133 1347 1199 ‘Aut'

115 1237 242 1319 signum
270 1241 301 1298 et
322 1236 474 1299 indicium
504 1237 751 1319 interpolationis
773 1242 828 1319 est,
856 1258 929 1301 cum
952 1240 990 1302 de
1016 1240 1123 1303 eadem
1150 1258 1194 1321 re,
1223 1258 1284 1301 non
1310 1239 1348 1301 de

116 1339 239 1403 diversa
260 1344 377 1423 agatur.

218 1443 318 1525 Adde,
350 1444 434 1527 quod
463 1446 613 1507 memoria
641 1444 794 1509 librorum
822 1447 941 1509 incerta
970 1452 1024 1510 est.
1073 1444 1155 1509 Nam
1185 1449 1219 1508 in
1241 1446 1272 1509 A
1300 1450 1348 1510 est

111 1544 345 1629 ‘renuntiabit³,
373 1549 407 1609 in
437 1545 495 1610 Do
522 1543 791 1630 ‘renunciaverit',
816 1545 880 1612 ‘in'
909 1555 979 1613 ante
1004 1546 1091 1633 ‘spe’
1118 1550 1266 1614 omittunt
1293 1549 1346 1612 B?

117 1650 322 1714 CDEFGP.
367 1650 428 1714 Sed
455 1653 608 1734 gravioris
635 1655 785 1715 momenti
814 1659 873 1735 est,
904 1654 988 1737 quod
1016 1655 1112 1717 oratio
1142 1655 1209 1736 ipsa
1236 1653 1345 1716 multis

116 1755 211 1817 rebus
239 1754 422 1817 insolentior
450 1758 503 1816 est.
548 1753 692 1816 Primum
722 1756 798 1838 quid
826 1756 979 1838 significet
1006 1752 1235 1837 ‘constituero',
1266 1755 1346 1817 divi-

116 1859 185 1920 nari
206 1863 328 1920 tantum
351 1862 446 1940 atquo
468 1858 569 1919 conici
591 1862 698 1940 potest.
736 1857 916 1922 Verisimile
939 1865 985 1923 est
1012 1860 1263 1943 interpolatorem
1286 1858 1346 1920 hoc

114 1961 248 2025 verbum
278 1963 322 2025 sio
350 1963 447 2044 accipi
475 1962 620 2043 voluisse,
648 1968 683 2024 ut
712 1963 814 2025 valeat
838 1959 963 2026 ‘horam
997 1964 1048 2026 vel
1078 1968 1201 2046 tempus
1231 1963 1344 2026 consti-

114 2063 224 2147 tuero',
254 2085 333 2148 quae
359 2066 462 2128 visin
492 2065 588 2129 verbo
618 2066 683 2128 solo
711 2086 776 2128 non
798 2067 887 2129 inest.
933 2064 1053 2129 Deinde
1075 2067 1190 2129 locutio
1210 2062 1261 2128 ‘in
1290 2085 1344 2149 spo

112 2169 248 2252 pendero
275 2166 390 2230 animi'
414 2187 572 2251 nusquam
603 2168 678 2231 alibi
707 2170 875 2232 invenitur.
918 2169 998 2232 Tum
1030 2171 1145 2232 mirum
1175 2175 1229 2252 est,
1260 2168 1344 2252 quod

115 2274 173 2335 tria
201 2273 346 2355 deinceps
377 2273 538 2335 enuntiata
565 2293 583 2334 a
613 2273 832 2335 coniunctione
856 2270 960 2337 ‘oum'
986 2274 1148 2356 incipiunt.
1199 2271 1345 2355 Denique
1450 2314 1453 2320 -

112 2395 168 2459 per
190 2377 325 2439 rationes
354 2377 499 2439 metricas
522 2375 663 2458 verbum,
686 2377 771 2459 quod
798 2377 931 2440 formam
962 2377 1088 2461 paeonis
1112 2377 1215 2459 quarti
1242 2374 1344 2457 habet,

111 2481 146 2541 in
177 2481 239 2542 arsi
272 2484 342 2563 post
371 2480 523 2543 diaeresin
559 2499 674 2564 ponere
707 2499 771 2543 non
804 2481 883 2544 licet.
933 2480 1056 2556 Quibus
1085 2480 1123 2543 de
1151 2480 1254 2542 causis
1286 2479 1343 2541 hos

113 2585 303 2667 septenarios
331 2603 349 2645 a
376 2582 518 2647 Terentio
547 2584 700 2668 profectos
727 2603 794 2648 esse
822 2603 887 2647 non
915 2586 1068 2648 existima.

215 2805 436 2891 Compluribus
473 2809 549 2870 locis
591 2806 807 2887 monosyllaba
844 2810 919 2869 sunt
955 2807 1193 2888 pronomina.
1253 2803 1340 2879 Quae

111 2929 303 2993 quamquam
338 2932 387 2975 ars
420 2912 549 2974 metrica
585 2912 619 2972 in
650 2910 713 2973 fine
746 2911 858 2992 prioris
892 2908 1034 2991 dipodiae
1071 2909 1237 2991 septenarii
1272 2927 1339 2971 esse

110 3032 175 3076 non
207 3019 303 3095 vetat,
325 3019 428 3078 tamen
453 3015 576 3097 saepius
605 3034 624 3076 a
652 3013 862 3096 grammaticis
889 3011 994 3074 addita
1022 3029 1088 3074 esse
1114 3010 1275 3092 videntur,
1304 3015 1341 3073 ut

110 3116 230 3198 syllaba
257 3137 370 3201 anceps
397 3118 448 3181 vel
476 3117 579 3179 hiatus
610 3115 808 3179 devitaretur.
853 3113 935 3177 Sunt
962 3118 1067 3176 autem
1094 3112 1127 3174 hi
1155 3113 1229 3177 loci:

152 3239 246 3304 Eun.
276 3239 337 3302 261
367 3260 411 3322 sq.
838 3236 930 3298 homo
959 3237 1061 3318 coepit
1087 3253 1138 3298 me
1168 3234 1340 3316 obsecrare,

152 3360 198 3425 Ut
226 3361 287 3425 sibi
314 3362 420 3424 liceret
448 3361 598 3424 discere
625 3360 663 3422 id
695 3359 733 3422 de
762 3361 829 3421 me:
860 3357 970 3421 sectari
997 3358 1084 3420 inssi.

213 3481 291 3563 Qec,
315 3501 440 3565 quaese,
467 3477 531 3544 ‘id'
558 3481 756 3545 referendum
778 3479 903 3542 videtur
930 3478 1020 3541 esse?
1064 3475 1154 3540 Duae
1180 3496 1229 3540 res
1256 3481 1339 3559 sunt,

108 3590 235 3668 propter
267 3604 344 3667 quas
371 3581 484 3648 ‘miser
515 3581 692 3647 famelicus²
724 3583 896 3666 parasitum
930 3581 1115 3662 admiratur,
1144 3600 1221 3661 una,
1254 3579 1339 3663 quod

108 3689 194 3751 videt
223 3690 251 3752 ei
278 3685 363 3752 tosse
389 3693 513 3751 tantum
541 3683 716 3768 honorem',
745 3686 854 3767 altera,
882 3685 967 3768 quod
993 3681 1073 3747 ‘tam
1102 3683 1191 3747 facile
1218 3684 1339 3746 vietum

109 3790 253 3875 quaerit'.
299 3790 402 3866 Quare
431 3792 582 3874 pluralem
611 3809 779 3853 numerum
799 3785 867 3853 ‘oa'
888 3792 1057 3871 exspectes
1100 3786 1167 3851 Neo
1188 3806 1262 3850 vero
1284 3787 1338 3849 ille

102 3895 164 3959 has
188 3896 268 3960 duas
297 3915 347 3959 res
376 3896 478 3959 solum
507 3895 625 3959 discere
653 3894 731 3975 vult,
759 3894 814 3958 sed
840 3893 987 3955 universe
1008 3892 1135 3975 parasiti
1165 3890 1336 3973 discipulus

108 3999 177 4062 fieri
206 4002 299 4084 cupit.
348 4000 457 4082 Itaque
488 3999 584 4062 facete
616 3997 753 4079 Gnatho,
783 3997 872 4080 quasi
901 3997 1045 4079 princeps
1075 3994 1207 4057 alicuius
1238 3998 1338 4056 sectae

108 4103 364 4187 philosophorum
398 4105 452 4185 sit,
485 4122 558 4166 eum
588 4097 733 4165 ‘sectari'
764 4099 858 4162 iubet.
914 4096 991 4162 Dole
1023 4099 1119 4179 igitur
1149 4092 1220 4176 ‘id³,
1253 4095 1338 4178 quod

111 4211 299 4270 correctores
327 4206 465 4287 syllabae
495 4205 638 4288 ancipitis
668 4204 851 4268 devitandae
878 4221 972 4266 causa
1001 4201 1208 4264 inseruerunt.

151 4432 305 4498 Phorm.
330 4432 391 4494 779
415 4431 621 4509 Provisumst,
643 4450 683 4495 ne
704 4432 738 4493 in
765 4427 985 4514 praesentia
1011 4425 1102 4487 haec
1131 4423 1205 4485 hinc
1231 4421 1335 4484 abeat:

1003 4528 1080 4612 quid
1108 4545 1194 4592 nuno
1220 4522 1337 4608 porro?

1130 4646 1147 4698 3
