3150 5056
680 271 891 334 ..28-

168 455 309 520 Sostrata
338 459 556 540 quaestionem
579 457 751 522 Chremetis
775 460 958 543 simpliciter
986 462 1112 543 annuit,
1142 462 1220 545 quid
1243 482 1324 546 opus
1353 469 1402 528 est

165 557 237 622 ‘oni'
256 562 479 643 interiectione,
503 581 584 645 quae
600 563 845 627 demonstrantis
868 564 938 627 est?
975 563 1042 627 Nec
1064 566 1164 648 magis
1183 561 1289 647 ‘hem',
1314 567 1402 650 quod

168 666 200 727 in
231 665 396 727 nonnullis
424 665 513 728 libris
543 665 678 749 (Beue)
706 673 767 749 est,
796 670 996 752 interpretari
1025 671 1135 751 possis
1187 668 1218 732 N
1220 690 1269 732 am
1296 667 1402 735 ‘hem'

170 768 317 831 omnibus
351 769 428 831 locis
461 769 644 834 admirantis
677 772 729 834 vel
763 771 898 834 dolentis
932 779 986 835 111.
1036 772 1081 835 At
1110 773 1149 836 ob
1183 773 1265 837 hanc
1297 775 1400 857 ipsam

169 892 297 935 causam
321 869 426 935 ‘hem'
449 873 606 937 Chremeti
635 877 772 938 maxime
801 878 993 939 conveniens
1023 882 1078 958 est,
1110 879 1165 960 qui
1195 878 1401 941 vehementer

168 979 310 1057 miratur,
340 978 426 1060 quod
454 977 520 1040 filia
541 979 720 1062 Antiphoni
745 985 847 1063 nupta
873 986 927 1045 est.
971 979 1118 1064 Propone
1146 982 1245 1065 igitur
1272 981 1398 1045 sublato

169 1101 224 1144 -111
250 1082 475 1164 interrogativo
504 1082 722 1146 scribendum:

109 1272 111 1278 y
211 1183 336 1247 Harum
359 1187 415 1268 qui
438 1191 486 1248 111
508 1186 656 1249 dominus
679 1187 813 1250 aedium.
838 1186 849 1272 11
874 1187 966 1268 Hem,
985 1165 1185 1271 dntiphoni?
1211 1185 1223 1273 11
1246 1188 1305 1251 Isti
1326 1189 1396 1271 ipsi.

169 1288 299 1370 HiatuS,
327 1290 384 1374 qui
411 1295 483 1373 post
509 1291 760 1353 interiectionem
788 1295 847 1372 est,
876 1291 956 1354 nihil
984 1291 1166 1354 offensionis
1193 1291 1293 1356 habet.

213 1497 366 1563 Phorm.
384 1497 444 1559 765
468 1496 527 1560 SO.
550 1496 651 1560 Nemo
675 1500 716 1562 ex
737 1518 788 1561 me
811 1498 910 1562 scibit.
950 1497 1014 1561 CH.
1038 1497 1177 1582 Sequere
1199 1518 1265 1562 me:
1293 1500 1402 1563 intus

1100 1605 1203 1666 cetera
1224 1602 1401 1668 audiemus

274 1706 326 1769 Sic
348 1705 513 1770 Bentleius
536 1712 567 1769 et
589 1706 869 1790 Umpfenbachius.
911 1705 1022 1769 Are:
1046 1707 1134 1770 intus
1158 1711 1261 1770 cetera
1283 1706 1402 1789 audies

170 1810 299 1876 BCEP
333 1816 435 1874 cetera
466 1813 554 1874 intus
584 1810 701 1875 audies
754 1808 846 1886 Quod
877 1810 1101 1873 Fleckeisenus
1131 1811 1277 1873 coniecit:
1310 1811 1400 1874 intus

172 1915 282 1979 11111111
306 1934 386 1999 quae
408 1919 536 1996 restant,
559 1916 654 1977 nimis
677 1935 695 1977 a
716 1914 872 1977 librorum
893 1915 1045 1977 memoria
1065 1913 1189 1977 recedit.
1234 1911 1283 1977 De
1304 1913 1403 1977 Bent-

174 2022 214 2084 lei
242 2021 423 2082 coniectura
451 2017 605 2081 Daiatzlro
638 2019 707 2080 iuro
738 2018 867 2081 adnotat
894 2018 975 2081 nihil
1008 2037 1090 2098 esso,
1124 2017 1210 2100 qrrcd
1241 2016 1404 2099 Chremes,

172 2143 246 2186 cum
276 2123 314 2186 de
342 2122 489 2185 omnibus
519 2122 615 2184 rebus
638 2123 752 2184 certior
778 2121 881 2184 factus
910 2124 964 2203 sit,
993 2122 1129 2204 amplius
1155 2119 1265 2184 audire
1294 2121 1403 2204 possit.

171 2227 353 2311 Wagnerus
381 2228 499 2310 recepit
517 2222 692 2307 ‘audietis',
720 2225 806 2309 quod
828 2224 968 2288 Weisius
991 2231 1022 2288 et
1043 2224 1207 2306 Kayserus
1229 2242 1402 2307 proposue-

172 2337 256 2396 runt.
301 2330 363 2394 Sed
387 2350 495 2393 omnes
518 2330 684 2393 doctorum
713 2331 856 2392 virorum
879 2331 1076 2392 coniecturas
1097 2347 1241 2392 enarrare
1269 2328 1403 2411 longum

173 2443 228 2500 est.
265 2435 346 2498 Mihi
369 2434 498 2518 quidem
523 2453 712 2518 persuasum
735 2433 934 2496 111-11111111
957 2432 1115 2517 dipodiam
1141 2450 1177 2495 eo
1201 2431 1404 2515 depravatam

174 2547 204 2605 et
232 2546 413 2623 corruptam
443 2558 520 2620 esse,
551 2538 638 2621 quod
664 2539 861 2622 grammatici
888 2538 1011 2600 hiatum
1041 2535 1253 2600 removebant.
1298 2532 1404 2611 Quare

173 2665 280 2709 veram
303 2645 491 2727 scripturam
512 2643 594 2705 hanc
620 2662 689 2706 esse
716 2644 878 2706 existimo:

216 2747 317 2813 Nemo
341 2751 383 2811 ex
410 2766 461 2810 me
489 2746 588 2810 scibit.
615 2743 626 2830 11
652 2743 792 2830 Sequere
815 2765 882 2809 me:
909 2743 912 2830 1
937 2741 1089 2811 audibis
1112 2747 1215 2806 cetera
1236 2747 1332 2805 intus.

216 2852 264 2918 De
279 2853 338 2915 hac
357 2851 458 2915 futuri
480 2851 629 2934 temporis
649 2849 749 2914 forma
770 2851 843 2913 vide
857 2848 1082 2933 Engelbrechti
1103 2846 1209 2911 studia
1228 2846 1294 2909 Ter.
1309 2867 1338 2929 p.
1356 2847 1406 2910 58.

217 3079 371 3145 Phorm.
393 3077 453 3139 780
477 3073 562 3151 Quid
583 3074 659 3138 fiet?
682 3076 716 3137 in
739 3073 848 3138 eodem
870 3073 937 3136 luto
960 3073 1112 3136 haesites:
1136 3091 1270 3134 versura
1293 3071 1407 3134 selves.

281 3180 482 3265 Quamquam
511 3181 657 3243 collocari
686 3183 802 3262 potest:
837 3179 871 3240 in
901 3177 1010 3240 eodem
1037 3176 1172 3239 haesitas
1199 3176 1284 3239 lute:
1316 3195 1345 3236 v.
1373 3194 1406 3256 1.,

176 3293 281 3352 tamen
307 3290 432 3349 rectene
461 3285 657 3368 septenarius
686 3284 746 3345 hoc
774 3281 867 3344 modo
896 3282 1062 3343 restitutus
1092 3280 1133 3342 111
1163 3278 1279 3341 dubito.
1324 3276 1406 3340 Nam

175 3391 381 3476 proverbialis
396 3389 515 3452 locutio
537 3407 604 3450 non
627 3392 675 3450 est
694 3382 744 3449 ‘in
758 3385 827 3448 luto
843 3379 1015 3464 haesitare',
1038 3382 1094 3444 sed
1106 3379 1156 3443 ‘in
1171 3382 1239 3444 luto
1262 3376 1406 3444 haerere.

178 3495 221 3559 Cf.
245 3495 346 3558 Plaut.
369 3492 455 3556 Pers
481 3492 541 3554 535
571 3491 625 3554 tali
654 3495 691 3553 ut
717 3491 752 3552 in
780 3490 849 3551 luto
878 3489 1030 3550 haeream.
1073 3485 1175 3567 Adde,
1200 3482 1203 3569 1
1229 3485 1315 3568 quod
1337 3503 1408 3547 ver-

176 3600 255 3663 brnn
276 3598 547 3682 frequentativum
575 3593 758 3674 haesitandi,
783 3597 938 3676 quantum
966 3590 1039 3671 scic,
1067 3608 1172 3672 neque
1200 3589 1285 3672 apud
1312 3588 1407 3651 Plau-

178 3710 247 3768 tum
279 3721 384 3786 neque
418 3700 503 3784 apud
535 3699 718 3763 Terentium
750 3696 920 3760 invenitur.
968 3689 1164 3757 ‘Haesitare³
1197 3693 1257 3755 hoc
1288 3692 1357 3754 loco
1391 3712 1410 3754 a

177 3809 388 3894 grammaticis
418 3824 486 3870 1111
514 3806 655 3888 positum
684 3801 823 3881 videtur,
853 3803 889 3862 ut
918 3798 1024 3860 hiatus
1053 3797 1252 3868 devitaretur,
1304 3793 1409 3872 Quare

181 3913 316 3978 scribere
345 3911 469 3974 malim:

223 4016 307 4092 Quid
333 4015 410 4079 fiet?
438 4015 472 4077 in
503 4013 613 4076 eodem
642 4011 710 4073 luto
735 4007 738 4094 1
763 4009 885 4071 haeres:
915 4024 1049 4068 versura
1076 4004 1188 4067 selves

223 4227 337 4291 Haut.
354 4223 416 4286 695
438 4221 543 4284 Amici
566 4235 694 4302 quoque
715 4234 774 4296 res,
798 4212 907 4292 Clinia,
930 4212 991 4274 tui
1013 4211 1047 4272 in
1069 4212 1138 4271 teto
1160 4213 1197 4271 ut
1219 4207 1409 4270 conlocetur.

283 4327 397 4391 Nescio
435 4346 476 4389 an
505 4320 592 4405 ‘tui³,
625 4320 710 4405 quod
746 4321 781 4382 in
813 4314 873 4380 De
911 4319 983 4377 ante
1012 4309 1146 4395 ‘Clinia'
1179 4312 1319 4394 positum
1354 4313 1410 4390 est,

183 4432 352 4497 delendum
375 4431 423 4494 111.
468 4428 583 4492 Confer
608 4424 746 4489 similem
772 4422 886 4500 locum,
910 4416 966 4480 ubi
984 4412 1067 4479 ‘tui'
1092 4417 1169 4478 item
1196 4416 1290 4494 deest,
1312 4413 1408 4475 Haut.

183 4538 260 4602 689:
291 4534 374 4600 Nam
403 4534 496 4599 amici
524 4549 653 4616 quoque
680 4546 731 4594 res
758 4528 805 4592 est
835 4518 1035 4588 videndam
1057 4523 1126 4585 tuto
1153 4523 1191 4583 ut
1220 4516 1410 4581 conlocetur.

918 4732 1099 4765 JQ.
