3150 5056
269 1844 396 1925 Terenti
427 1860 608 1922 memoriam
636 1858 788 1921 librorum
815 1878 912 1921 manu
940 1859 1142 1941 scriptorum,
1175 1858 1201 1920 si
1231 1875 1303 1919 cum
1331 1856 1400 1918 aliis

169 1962 372 2046 scriptoribus
395 1964 631 2045 comparaveris,
655 1963 808 2025 veriorem
831 1962 1095 2044 sincerioremque
1117 1979 1184 2024 esse
1206 1960 1313 2042 negari
1336 1978 1399 2020 non

168 2072 275 2151 potest.
321 2068 424 2149 Atque
452 2067 534 2128 inter
556 2058 664 2129 onmes
687 2065 810 2128 codices
837 2085 922 2128 unus
945 2066 1081 2149 optimus
1104 2070 1134 2127 et
1162 2065 1400 2147 antiquissimus

168 2164 341 2234 Bembinns
362 2169 496 2250 excellit,
524 2170 587 2252 qui,
616 2168 699 2252 quod
724 2170 827 2252 quarti
849 2171 900 2232 vel
930 2171 1032 2253 quinti
1059 2168 1175 2232 saeculi
1198 2172 1252 2249 est,
1282 2171 1401 2230 ceteros

167 2273 264 2337 libros
300 2292 397 2335 manu
433 2273 563 2356 scriptos
605 2273 782 2335 sinceritate
818 2278 849 2336 et
884 2274 1060 2357 integritate
1098 2273 1269 2354 scripturae
1308 2272 1401 2351 longe

168 2383 300 2461 superat.
349 2375 432 2440 Nam
459 2395 532 2438 cum
561 2377 658 2438 oratio
691 2377 724 2438 in
759 2376 965 2440 deterioribus
996 2376 1100 2457 libris,
1133 2376 1189 2458 qui
1221 2373 1400 2458 posterioris

167 2482 275 2545 aetatis
298 2485 380 2560 sunt,
406 2479 515 2542 multis
540 2479 735 2562 glossematis
758 2479 924 2563 depravata
946 2485 977 2543 et
1004 2485 1149 2562 corrupta
1180 2479 1228 2559 sit,
1254 2475 1401 2540 Bembini

168 2584 283 2647 codicis
314 2584 469 2666 scriptura
497 2582 546 2644 his
573 2581 696 2644 mendis
723 2583 870 2666 vitiisque
898 2583 1026 2646 liberior
1054 2587 1108 2645 est.
1158 2579 1287 2645 Accedit
1315 2577 1400 2662 quod

167 2689 296 2771 antiquo
326 2687 380 2750 illo
406 2686 487 2749 libro
514 2686 614 2748 multa
635 2691 759 2749 vetusta
786 2686 881 2750 verba
908 2692 940 2750 et
965 2686 1135 2750 verborum
1165 2685 1282 2748 formae
1308 2682 1400 2746 nobis
1451 2719 1455 2739 ι

167 2795 289 2855 servata
316 2796 391 2854 sunt
418 2789 468 2873 (cf.
491 2789 654 2853 Bitschelii
681 2809 786 2873 opusc.
808 2789 869 2871 ΠΙ,
897 2811 925 2874 p.
949 2790 1034 2872 297).

271 2893 390 2957 Verum
413 2893 589 2957 cavendum
611 2898 665 2975 est,
691 2911 732 2956 ne
759 2894 854 2956 huius
883 2895 1093 2977 antiquissimi
1120 2893 1235 2956 codicis
1265 2888 1398 2954 auctori·

168 2998 223 3060 teti
265 2998 399 3060 nimium
436 2996 620 3060 tribuamus.
678 2995 761 3060 Nam
802 2997 876 3059 huic
914 3017 1040 3081 quoque
1077 3017 1151 3060 cum
1193 2991 1399 3058 deterioribus

168 3099 256 3164 libris
288 3120 385 3163 manu
418 3101 541 3183 scriptis
578 3099 657 3162 illud
691 3119 857 3163 commune
894 3107 953 3182 est,
995 3101 1079 3185 quod
1121 3118 1220 3183 aeque
1254 3094 1399 3160 versibus

169 3205 323 3288 corruptis
344 3205 395 3267 vel
422 3204 615 3287 interpolatis
625 3204 649 3286 1)
673 3202 819 3267 abundat.
864 3203 905 3267 m
926 3204 1062 3288 profecto
1088 3206 1308 3267 sexcentorum
1335 3197 1400 3260 fere

169 3326 322 3369 annorum
347 3312 470 3390 tempus
492 3307 574 3369 inter
594 3306 718 3370 Terenti
740 3312 771 3369 et
792 3306 939 3370 Bembini
961 3307 1077 3371 codicis
1104 3310 1234 3369 aetatem
1256 3301 1400 3365 interiec-

169 3414 237 3472 tum
267 3411 341 3474 satis
372 3411 501 3493 longum
532 3416 609 3492 erat,
643 3415 679 3472 ut
710 3409 881 3492 actoribus,
913 3411 1137 3493 grammaticis,
1168 3406 1400 3492 interpretibus

168 3511 304 3577 librariis
335 3513 466 3576 facultas
496 3519 551 3576 aut
579 3532 690 3576 versus
718 3518 801 3576 recte
831 3514 970 3597 proditos
1004 3513 1180 3598 corrigendi
1214 3516 1268 3576 aut
1301 3530 1400 3574 novos

170 3614 346 3680 ascribendi
384 3616 526 3698 daretur,
568 3617 750 3699 praesertim
788 3636 861 3679 cum
899 3619 955 3680 rix
993 3618 1090 3681 ullius
1130 3621 1238 3701 poetae
1276 3614 1400 3678 fabulae
1465 3634 1474 3644 ’

170 3721 294 3802 saepius
327 3721 360 3781 in
398 3739 510 3783 scaena
545 3725 714 3802 agerentur
745 3725 801 3782 aut
831 3721 865 3783 in
905 3721 1019 3784 scholis
1050 3721 1271 3783 lectitarentur.
1321 3717 1400 3782 Jure

169 3822 266 3905 igitur
298 3821 504 3892 Ritschelius.
520 3823 638 3907 (opusc.
669 3822 731 3905 HI,
771 3844 799 3908 p.
832 3823 922 3907 nem:
964 3819 1059 3908 tquid
1091 3829 1138 3887 est
1170 3822 1310 3903 tandem,
1343 3839 1401 3884 cur

170 3924 245 3988 inde
267 3945 286 3987 a
309 3931 420 4009 quarto
449 3925 574 3989 saeculo
596 3928 756 4010 eorrumpi
787 3931 815 3991 et
845 3929 1026 4012 interpolari
1053 3928 1251 3992 Terentianae
1279 3923 1400 3988 fabulas

170 4029 321 4111 potuisse,
350 4049 414 4092 non
436 4030 576 4112 potuisse
605 4033 679 4093 ante
701 4036 849 4113 quartum
872 4033 1032 4096 saeculum
1061 4027 1262 4115 opinemur’?
1298 4028 1401 4091 Idem-

171 4149 233 4214 que
267 4133 316 4196 vir
350 4133 622 4217 ingeniosissimus
658 4133 746 4218 proll.
779 4156 808 4219 p.
839 4134 931 4199 CXX
963 4156 1008 4199 n.:
1055 4131 1152 4199 ‘Nam
1189 4135 1223 4197 in
1258 4133 1401 4196 Terentio

276 4393 296 4462 ¹)
320 4393 357 4448 ef.
381 4393 520 4447 Bitschelii
542 4410 630 4463 opusc.
654 4395 705 4463 ΠΙ,
732 4412 757 4463 p.
780 4395 844 4448 797:
880 4393 1051 4447 insiticiorum
1073 4393 1101 4445 in
1123 4393 1283 4446 Terentianis
1306 4393 1401 4447 fabulis

171 4480 364 4534 versiculorum
382 4480 458 4548 plura
477 4483 583 4534 exstant
601 4497 680 4549 quarn
699 4481 816 4549 plerique
835 4481 1002 4548 suspicantur
1019 4480 1147 4549 exempla.

1214 4567 1249 4620 1*
